2022 3282
776 209 1054 249 ,31-

169 345 221 393 τῇ
252 337 381 394 εἰρήνῃ
403 368 410 376 .
430 368 438 376 .
458 369 466 377 .
489 335 699 395 γενομένης
729 334 891 390 ’ἡσυχίας
922 331 1264 389 καταφανέστερος
1293 325 1460 387 νομίζων
1487 331 1534 371 ἂν
1563 327 1661 371 εἶναι

170 416 402 469 κακουργῶν
433 411 499 450 καὶ
530 410 784 465 ἀπιστότερος
815 401 1056 460 διαβάλλων.
1116 407 1198 446 Hoc
1227 407 1311 445 loco
1343 408 1515 457 scriptor,
1548 419 1661 456 quem

169 488 378 537 demagogo
413 500 489 526 non
526 487 688 525 amicum
724 496 809 523 esse
839 483 972 530 elucet,
1005 494 1158 520 causam
1190 481 1312 530 affert,
1344 493 1415 532 qua
1449 485 1661 520 commotus

167 561 233 600 ille
262 562 345 613 paci
375 574 523 612 semper
545 560 747 606 obstiterit,
770 562 872 597 certe
893 557 1041 605 falsam,
1074 569 1160 594 cum
1181 556 1273 594 satis
1295 559 1455 603 constet,
1479 555 1662 594 Cleonem

172 648 323 687 semper
350 636 449 674 idem
479 633 679 673 consilium
717 634 756 670 in
792 632 906 670 rebus
936 630 1114 682 politicis,
1154 630 1239 668 dico
1278 629 1421 668 bellum
1458 641 1580 680 usque
1612 629 1660 667 ad

172 710 470 749 internecionem
492 708 712 747 alterutrius
733 706 911 754 civitatis,
934 705 1192 743 adversarium
1209 704 1248 743 id
1266 704 1420 755 quidem
1439 703 1666 755 Thucydidi,

173 787 344 823 secutum
374 779 528 833 esse.4⁰)

259 857 407 907 Quibus
449 856 631 908 expositis
676 867 773 906 quae
816 854 929 893 fuerit
971 853 1110 892 summi
1154 852 1337 891 historiae
1382 852 1580 902 scriptoris
1621 851 1670 890 de

174 931 315 971 Cleone
353 932 485 983 opinio
524 931 616 969 satis
655 929 800 968 clarum
831 932 909 969 est„
960 927 1047 966 Non
1079 926 1201 966 solum
1241 939 1286 965 ex
1315 930 1397 965 tota
1427 926 1509 965 eius
1539 938 1664 964 rerum

172 1010 364 1056 gestarum
393 1005 623 1052 narratione,
663 1004 730 1042 sed
761 1003 875 1042 etiam
908 1015 953 1041 ex
982 1001 1144 1051 siugulis
1177 1001 1303 1040 verbis
1338 1000 1474 1050 elucet,
1508 999 1663 1039 Cleonis

175 1085 213 1119 et
249 1081 288 1119 in
325 1078 522 1131 republica
557 1078 724 1129 gerenda
768 1081 805 1116 et
842 1078 880 1116 in
920 1077 997 1115 vita
1035 1076 1184 1127 privata
1220 1076 1389 1114 rationes
1436 1074 1671 1125 consiliaque

176 1154 280 1194 nullo
310 1154 424 1193 modo
455 1153 632 1204 scriptori
669 1153 830 1203 probata
867 1151 999 1199 fuisse,
1038 1151 1156 1189 immo
1193 1163 1279 1189 eum
1320 1151 1522 1200 demagogi
1554 1149 1672 1187 fuisse

155 1230 384 1276 inimicum.
447 1229 578 1280 Neque
608 1240 698 1266 vero
728 1238 891 1277 usquam
923 1239 947 1264 a
975 1225 1198 1276 Thucydide
1219 1224 1352 1264 Cleoni
1382 1224 1527 1276 aliquid
1560 1230 1676 1273 turpe

177 1303 236 1342 vel
279 1303 523 1343 inhonestum
569 1302 759 1349 obiicitur,
806 1301 874 1339 sed
919 1300 1112 1339 moderate
1148 1303 1298 1338 tantum
1340 1312 1425 1338 eum
1468 1300 1673 1349 vituperat,

176 1377 277 1430 quod
307 1390 352 1417 eo
380 1378 505 1427 magis
526 1375 903 1416 commemorandum
934 1378 1004 1424 est,
1036 1386 1121 1412 cum
1154 1373 1246 1412 alibi
1277 1374 1443 1424 scriptor
1471 1374 1513 1412 in
1546 1374 1672 1412 dema-

178 1453 286 1503 gogis
330 1451 632 1503 perstringendis
678 1450 782 1489 nullo
826 1449 940 1488 modo
985 1449 1240 1497 dubitaverit,
1287 1449 1468 1487 conviciis
1509 1461 1587 1487 non
1626 1448 1679 1486 ita

177 1526 327 1566 levibus
365 1527 434 1576 uti,
475 1525 580 1565 velut
615 1526 655 1564 in
693 1523 969 1576 Hyperbolum,
1010 1536 1123 1575 quem
1161 1523 1254 1562 dicit
1291 1520 1345 1572 (8,
1366 1522 1431 1571 73)
1475 1519 1679 1577 μοχθηρὸν

180 1598 389 1656 ἄνθρωπον
419 1596 737 1654 ὠστρακισμένον
768 1598 812 1637 οὐ
845 1589 911 1636 διὰ
943 1589 1146 1651 δυνάμεως
1177 1595 1244 1635 καὶ
1277 1589 1507 1652 ἀξιώματος
1540 1595 1679 1651 φόβον,

181 1672 290 1714 ἀλλὰ
319 1665 386 1713 διὰ
415 1672 604 1729 πονηρίαν
635 1672 702 1711 καὶ
733 1671 919 1728 αἰσχύνην
951 1676 1022 1718 τῆς
1051 1669 1217 1717 πόλεως.

273 1748 422 1799 Quodsi
459 1749 690 1800 quaerimus,
737 1748 876 1799 quibus
913 1747 960 1785 de
998 1747 1123 1786 causis
1160 1745 1288 1785 odium
1327 1750 1442 1797 atque
1479 1747 1678 1785 inimicitia

179 1826 278 1865 inter
297 1823 478 1864 Cleonem
500 1827 537 1862 et
558 1822 819 1874 Thucydidem
848 1821 1003 1870 fuerint,
1035 1827 1113 1859 tres
1145 1832 1279 1859 causas
1301 1820 1436 1859 afferre
1459 1833 1676 1871 possumus.

182 1899 353 1949 Quarum
383 1897 510 1948 prima
538 1897 664 1948 posita
704 1900 762 1935 est
796 1896 837 1934 in
867 1907 1006 1945 magna
1037 1899 1076 1933 et
1104 1907 1253 1933 morum
1293 1898 1331 1932 et
1361 1895 1589 1945 opinionum
1622 1895 1677 1933 di-

179 1973 372 2018 versitate,
405 1983 504 2023 quae
532 1971 633 2010 inter
663 1972 798 2010 ambos
820 1972 922 2009 viros
942 1969 1212 2008 intercedebat.
1263 1967 1311 2007 Et
1330 1969 1368 2007 in
1391 1969 1506 2007 rebus
1528 1969 1680 2007 bellicis

182 2045 422 2086 adversarios
451 2057 516 2084 eos
545 2045 663 2084 fuisse
701 2057 817 2095 supra
847 2044 942 2083 satis
972 2040 1282 2093 ostendimus.4¹)
1314 2066 1369 2072 —
1400 2042 1530 2082 Altera
1563 2056 1678 2082 causa

182 2124 259 2170 est,⁴
283 2121 374 2172 quia
404 2119 546 2159 Cleone
576 2125 731 2159 auctore
762 2120 925 2170 scriptor
954 2131 1021 2169 per
1050 2118 1183 2168 viginti
1214 2129 1335 2156 annos
1356 2117 1520 2156 Athenis
1551 2118 1679 2168 expul-

181 2208 246 2234 sus
292 2198 387 2234 erat.
463 2193 548 2243 Quo
588 2194 635 2233 de
680 2193 792 2232 exilio
837 2204 1069 2244 quamquam
1110 2193 1192 2242 ipse
1238 2192 1399 2242 scriptor
1436 2191 1528 2230 nihil
1576 2191 1677 2229 aliud

185 2268 293 2381 Ἢ
329 2280 445 2320 quam
483 2267 602 2307 solam
642 2279 723 2306 rem
761 2267 883 2318 ipsam
923 2265 987 2316 (V,
1021 2268 1092 2305 26:
1133 2257 1274 2316 ξυνέβη
1315 2278 1381 2320 μοι
1420 2266 1576 2321 φεύγειν
1607 2263 1680 2307 τὴν

185 2355 203 2381 ε

187 2340 235 2398 ’μ
287 2344 362 2381 τοῦ
391 2343 462 2386 ἔτη
493 2341 615 2380 εἴκοσι
647 2338 750 2396 μετὰ
770 2338 843 2384 τῆν
864 2340 902 2386 ἐς
926 2336 1153 2395 Ἀμφίπολιν
1184 2337 1439 2395 στρατηγίαν,
1473 2339 1532 2378 Ol.
1557 2342 1621 2388 89,
1647 2343 1679 2387 1,

251 2458 296 2500 4⁰)
321 2462 359 2493 cf.
378 2461 500 2492 Schifer
522 2462 563 2491 de
581 2461 700 2491 Cleonis
726 2462 860 2491 oratione
884 2470 934 2500 pg.
953 2461 1011 2490 28:
1037 2460 1117 2489 Illud
1136 2469 1204 2489 vero
1230 2460 1413 2498 Thucydidis
1436 2476 1467 2480 —
1491 2460 1571 2489 idem
1595 2461 1677 2499 quod

185 2520 288 2550 Grotio
313 2519 438 2549 dubium
469 2521 514 2548 est
543 2534 575 2538 —
606 2518 746 2548 Cleonem
777 2528 880 2558 pacem
911 2517 1105 2551 dissuasisseg
1138 2519 1171 2545 ut
1202 2517 1330 2555 amplius
1361 2517 1533 2546 calumniari
1566 2521 1676 2555 posset.

183 2576 310 2612 nimium
339 2575 413 2606 mihi
447 2576 575 2605 videtur.
634 2575 739 2614 Neque
771 2576 849 2604 enim
880 2577 977 2613 patet,
1018 2583 1071 2603 cur
1100 2573 1172 2602 belli
1201 2576 1336 2611 tempore
1368 2573 1472 2602 melius
1504 2573 1677 2602 calumniari

186 2634 328 2673 potnerit,
352 2642 443 2672 quam
467 2632 560 2671 pacis.
599 2631 646 2661 Ita
669 2631 790 2660 infitiari
814 2641 874 2660 non
899 2640 1070 2670 possumu3‚
1096 2630 1301 2668 Thucydidem
1326 2630 1505 2659 simultatem
1526 2630 1674 2668 quandam

187 2691 219 2720 in
243 2690 386 2720 Cleonem
409 2698 480 2728 prae
504 2698 536 2718 se
561 2688 646 2723 ferre,
673 2697 750 2726 quae
775 2691 809 2716 ut
832 2688 933 2716 iudicii
957 2687 1118 2724 integritati
1144 2687 1284 2717 obstaret.
1310 2687 1373 2715 fieri
1399 2687 1505 2725 potuit.

255 2742 304 2784 41)
329 2746 367 2776 cf.
393 2746 446 2777 Dr.
466 2745 573 2780 Brock,
601 2755 654 2775 zur
679 2744 895 2782 Beurtheiluug
919 2744 1028 2774 Kleons
1054 2743 1107 2772 des
1131 2743 1353 2773 Atheniensem.
1387 2743 1482 2772 Celler
1506 2743 1674 2779 Programm

192 2802 288 2838 1859,
314 2802 343 2832 S.
363 2797 416 2832 2‘2.
