2022 3282
760 225 1036 266 „43-

99 394 101 397 ¹
147 363 330 402 apparere
359 351 518 400 videtur,
551 353 800 402 demagogum
833 352 959 403 aliquo
990 353 1103 391 modo
1133 353 1320 392 contionis
1349 354 1478 405 populi
1501 368 1635 394 convo-

147 425 289 464 candae
320 428 546 475 potestatem
578 426 770 465 habuisse.

230 497 348 536 Porro
387 499 566 538 Cleonem
611 500 650 538 in
695 498 889 548 republica
934 499 1093 538 multum
1135 505 1324 539 versatum
1367 514 1462 550 esse,
1511 515 1554 540 ex
1592 516 1636 541 eo

146 578 316 622 apparet,
357 574 459 624 quod
495 587 572 612 non
608 585 694 611 raro
731 572 908 622 publicus
946 578 1146 612 accusator
1184 575 1300 613 fuisse
1338 575 1488 614 dicitur.
1558 576 1634 615 Iam

147 645 330 686 Periclem
376 647 499 687 adhuc
544 648 672 685 vivum
716 658 919 696 aggressus
964 651 1056 686 erat.
1134 648 1229 686 Nam
1276 661 1362 687 cum
1398 650 1505 688 initio
1546 650 1637 689 belli

144 719 436 760 Lacedaemonii
473 721 638 760 Atticam
679 724 874 759 vastarent
910 725 1023 772 atque
1061 721 1315 761 Athenienses
1360 723 1407 762 ab
1453 725 1553 774 agris
1598 726 1636 763 in

145 796 277 834 urbem
297 799 534 845 cogerentur,
565 793 729 834 Pericles
751 795 911 844 obstitit,
944 807 990 834 ne
1020 796 1219 847 eruptione
1239 797 1338 836 facta
1358 798 1440 848 agri
1461 799 1636 838 hostibus

144 870 400 921 eriperentur,
445 882 675 921 quamquam
714 869 878 920 populus
916 870 1015 909 hanc
1051 883 1130 909 rem
1168 884 1280 921 aegre
1317 872 1483 922 serebat,
1523 874 1635 912 amici

143 943 351 992 instabant,
390 944 535 983 inimici
571 944 606 983 ei
644 944 968 1002 conviciabantur.
1035 945 1076 984 In
1115 946 1254 997 quibus
1293 947 1459 987 inimicis
1497 948 1635 988 violen-

143 1017 319 1058 tissimus
351 1023 434 1059 erat
463 1018 593 1066 Cleon,
629 1020 770 1070 quippe
801 1020 866 1070 qui
896 1032 1045 1071 semper
1073 1020 1113 1058 in
1144 1020 1243 1059 bello
1273 1022 1440 1070 gerendo
1472 1022 1633 1062 salutem

143 1092 374 1144 reipublicae
410 1094 571 1144 positam
612 1105 695 1132 esse
733 1097 896 1144 putaret.
974 1095 1099 1145 Atque
1137 1107 1221 1133 oum
1266 1096 1491 1147 insequente
1534 1111 1633 1137 anno

141 1167 435 1207 Lacedaemonii
461 1168 598 1207 iterum
619 1168 868 1218 irruptionem
890 1167 1059 1207 facerent
1077 1173 1259 1220 pesteque
1280 1176 1409 1210 exorta
1433 1172 1632 1212 calamitas

142 1246 355 1294 augeretur,
390 1241 554 1281 Pericles
584 1254 671 1281 reus
708 1241 828 1280 faetus
866 1242 972 1292 gravi
1002 1241 1123 1282 multa
1153 1244 1312 1284 affectus
1342 1249 1413 1295 est,
1454 1247 1627 1298 inprimis

141 1306 345 1356 accusante
382 1315 537 1356 Cleone.
605 1316 687 1355 Huc
729 1317 918 1356 referendi
961 1321 1050 1355 sunt
1088 1317 1284 1370 Hermippi
1322 1318 1379 1359 illi
1419 1325 1632 1374 anapaesti,

141 1404 238 1443 quos
275 1391 386 1430 affert
415 1389 642 1430 Plutarchus
677 1391 717 1429 in
753 1391 830 1430 vita
860 1391 1016 1431 Periclis
1047 1387 1125 1444 (ed.
1159 1393 1337 1433 Doehner
1368 1395 1476 1435 Paris
1512 1399 1632 1448 1846,

140 1478 200 1518 cp.
233 1467 298 1515 33,
338 1477 400 1516 pg.
434 1464 552 1513 2040:
585 1460 803 1520 Ἐπεφύετο
844 1456 888 1504 δὲ
926 1465 992 1505 καὶ
1030 1463 1172 1505 Κλέων
1211 1458 1290 1512 ἤδη
1323 1459 1388 1508 διὰ
1428 1475 1499 1517 τῆς
1538 1471 1630 1527 πρὸς

142 1537 289 1578 ἐκεῖνον
319 1539 438 1596 ὀργῆς
466 1543 550 1578 τῶν
580 1539 756 1578 πολιτῶν
786 1537 1046 1595 πορευόμενος
1078 1539 1140 1579 ἐπὶ
1168 1539 1240 1585 τὴν
1271 1533 1547 1600 δημαγωγίαν,
1581 1546 1633 1593 ὡς

139 1610 393 1653 τάνάπαιστα
430 1619 561 1653 ταῦτα
599 1605 807 1658 ὃηλοποιεῒ
840 1611 891 1652 τοὶ
929 1611 1168 1670 Ἐρμίππουε
1203 1646 1211 1654 .
1234 1647 1241 1655 .
1267 1647 1276 1657 .
1317 1614 1415 1670 (scil.
1448 1619 1631 1670 Pericles)

140 1677 300 1744 δηχθεὶς
330 1685 470 1727 αἴθωνι
504 1683 670 1737 Κλέωνι,
703 1689 749 1727 cf.
783 1689 880 1728 Plut.
915 1689 998 1729 Per.
1032 1693 1102 1730 35:
1145 1688 1349 1746 ἐπεγράφη
1382 1682 1426 1730 δὲ
1456 1698 1507 1746 τῇ
1539 1685 1628 1747 δίκῃ

139 1759 377 1818 κατήγορος,
409 1763 460 1808 ὡς
491 1758 562 1817 μὲν
593 1752 807 1815 Ἰδομενεὺς
837 1761 959 1818 λέγει,
992 1760 1135 1802 Κλέων
1168 1760 1231 1817 (cf.
1266 1765 1441 1817 Droysen
1475 1770 1509 1818 1,
1545 1766 1628 1822 81).

138 1860 193 1866 —-
222 1835 361 1876 Postea
398 1836 603 1877 Lachetem
641 1837 776 1876 ducem
815 1851 838 1877 a
876 1837 1017 1879 Cleone
1060 1840 1356 1891 repetundarum
1398 1842 1631 1892 postulatum

138 1923 238 1961 esse,
276 1923 321 1950 ex
349 1910 607 1964 Aristophane
643 1913 726 1964 ipso
767 1911 879 1952 facile
907 1913 1133 1964 intelligitur
1168 1911 1233 1965 (cf.
1265 1913 1382 1965 Vesp.
1417 1916 1497 1954 240
1529 1928 1632 1968 sqq.,

142 1986 221 2026 836
254 1983 372 2036 sqq),
403 1984 613 2026 affirmatur
643 1999 665 2026 a
695 1986 930 2026 Scholiastis.
957 2011 1002 2016 —
1034 1987 1090 2027 De
1110 1987 1360 2040 Anaxagorae
1391 1991 1633 2030 accusatione

141 2071 262 2111 supra.
291 2058 434 2098 dictum
465 2063 523 2099 est
552 2058 616 2111 (cf.
648 2060 757 2111 Diog.
787 2061 912 2100 Laert.
946 2062 1010 2101 vit.
1044 2062 1136 2112 phil.
1169 2062 1213 2112 II,
1248 2065 1284 2109 3,
1319 2064 1356 2112 9,
1389 2077 1449 2115 pg.
1485 2067 1534 2104 35
1560 2079 1632 2118 sq.,

139 2132 199 2172 ed.
223 2127 378 2185 Cobet).
400 2154 454 2160 -
475 2133 672 2174 Postremo
702 2134 832 2174 Delios
863 2148 963 2175 anno
994 2134 1075 2175 422
1099 2135 1240 2177 Cleone
1271 2141 1425 2176 auctore
1456 2139 1632 2190 expulsos

138 2219 235 2257 esse,
256 2207 348 2258 quia
370 2205 456 2247 illos
478 2220 563 2248 cum
584 2207 898 2249 Lacedaemoniis
920 2212 1142 2261 conspirare
1163 2212 1351 2262 putabant
1365 2212 1632 2262 Athenienses,

135 2284 194 2321 tes
255 2294 302 2320 ur
329 2280 571 2334 Thucydides
602 2279 666 2335 (V,
705 2283 756 2333 1),
799 2285 845 2324 cf.
878 2284 1009 2323 Bockh
1039 2284 1139 2325 Abh.
1174 2286 1208 2325 d.
1242 2285 1310 2326 Ac.
1342 2287 1378 2326 d.
1413 2287 1472 2328 W.
1512 2292 1631 2339 1834,

135 2369 198 2408 pg.
259 2386 270 2405 ‚
300 2355 457 2395 Curtius
485 2368 552 2406 gr„
577 2355 713 2397 Gesch.
746 2358 791 2408 Π,
824 2361 919 2409 455,
952 2359 1127 2411 Droysen
1164 2363 1198 2410 1,
1231 2361 1325 2400 263.

225 2428 370 2470 Omitto
391 2432 521 2468 notam
547 2430 651 2470 illam
671 2430 942 2484 Aristophanis
966 2432 1077 2484 (Equ.
1101 2432 1214 2484 901),
1246 2434 1425 2474 Cleonem
1448 2436 1632 2476 habuisse

141 2507 258 2557 caput
275 2502 446 2543 rutilum.
478 2503 575 2543 Nam
595 2517 827 2559 quamquam
851 2510 952 2546 certe
968 2507 1084 2546 verba
1105 2507 1375 2560 Aristophanis
1394 2510 1433 2548 in
1452 2511 1629 2550 Cleonem

134 2579 237 2620 dicta
282 2581 371 2618 sunt
413 2582 529 2629 atque
573 2582 677 2618 errat
721 2579 937 2621 Scholiasta
982 2574 1043 2630 (ἦν
1085 2576 1129 2619 δὲ
1167 2576 1279 2628 οὗτος
1319 2581 1339 2619 ὁ
1380 2575 1630 2639 Πύῤῥανὸρος

135 2643 304 2708 πονηρὸς
346 2648 416 2689 καὶ
456 2649 732 2705 συκοφάντης),
776 2658 905 2694 tamen
949 2655 1051 2706 quod
1095 2656 1211 2695 semel
1249 2656 1368 2696 Cleon
1411 2658 1631 2696 nominatur

133 2716 401 2783 Πύρῤανδρος,
433 2737 508 2764 non
540 2725 754 2777 putandum
785 2731 853 2776 est,
885 2740 969 2768 eum
1000 2740 1040 2766 re
1062 2741 1148 2767 vera
1178 2730 1334 2768 rutilum
1356 2731 1494 2778 fuisse3
1527 2732 1627 2782 quod
