2022 3282
725 193 1003 232 —11—

393 320 509 366 αὐτὸς
541 324 575 357 τ’
611 318 782 374 ἐμαυτὸν
814 316 887 356 ὑπὸ
923 315 1104 362 Κλέωνος
1136 316 1293 355 ἅπαθον

391 393 604 450 ἐπίσταμαι
637 387 702 431 διά
732 391 804 435 τὴν
835 389 972 446 πέρυσι
1002 382 1230 446 κωμῳδίαν.

392 465 620 512 εἰσελκύσας
649 463 724 522 γάρ
757 463 796 521 μ’
827 466 865 511 ἐς
895 463 941 503 τὸ
974 463 1252 518 βουλευτήριον

392 532 579 592 διέβαλλε
610 539 677 585 καὶ
709 531 836 591 ψευδῆ
866 531 1167 594 κατεγλώττιζέ
1200 552 1274 593 μου

390 612 676 668 κάκυκλοβρρει
707 609 918 661 κᾶπλυνεν,
951 609 1046 651 ὥστ’
1079 611 1216 668 ὀλίγου
1246 611 1348 651 πάνυ

392 686 611 742 ἀπωλόμην
643 687 1153 742 μολυνοπραγμονούμενος,

58 812 64 816 ι
120 764 185 802 ubi
215 763 429 802 Scholiasta
459 763 552 801 haec
581 762 715 801 habet:
750 791 787 800 ..
810 791 818 799 .
844 752 1087 815 ἐκωμῲδησε
1118 758 1193 816 γὰρ
1226 756 1297 806 τάς
1328 773 1373 798 τε
1402 758 1610 814 κληρωτὰς

121 836 188 874 καὶ
222 833 499 891 χειροτονητὰς
530 833 666 890 ἀρχάς,
704 833 771 873 καὶ
802 831 985 883 Κλέωνα,
1027 834 1231 889 παρόντων
1261 839 1343 872 τῶν
1373 826 1505 879 ξένων.
1543 833 1610 871 καὶ

123 900 191 948 3ιά
225 913 345 948 τοῦτο
385 906 579 966 ὀργισθεὶς
619 909 639 947 ὁ
669 905 812 947 Κλέων
850 903 1053 964 ἐγράψατο
1093 906 1212 946 αὐτὸν
1245 902 1399 954 ἀδικίας
1437 909 1490 953 εἰς
1519 906 1611 953 τοὺς

119 982 298 1034 πολίτας,
335 984 386 1028 ὡς
424 984 477 1029 εἰς
506 980 612 1037 ὕβριν
642 987 713 1020 τοῦ
746 974 875 1036 δῆμου
905 974 974 1020 καὶ
1002 986 1073 1028 τῆς
1109 981 1253 1033 βουλῆς
1283 986 1414 1020 ταῦτα
1451 994 1611 1024 πεποιη-

120 1055 234 1097 κοτα.
287 1056 354 1095 καὶ
393 1048 518 1102 ξενίας
555 1047 598 1094 δὲ
637 1055 757 1094 αὺτὸν
798 1051 1001 1112 ἐγράψατο
1040 1055 1108 1094 καὶ
1146 1057 1198 1102 εἰς
1237 1055 1375 1111 ἀγῶνα
1413 1054 1609 1106 ἐνέβαλεν.

120 1131 283 1170 Iniuriae
318 1132 433 1181 igitur
469 1135 670 1170 accusatus
707 1136 768 1170 est
806 1127 956 1186 (γραφὴ
988 1120 1182 1180 ἀδικίας),
1220 1131 1341 1182 quod,
1380 1142 1466 1170 cum
1501 1130 1612 1168 multi

121 1206 311 1258 peregrini
359 1205 631 1256 Dionysiorum
686 1205 925 1244 solennitatis
976 1200 1106 1244 causav
1142 1204 1304 1244 Athenis
1358 1208 1610 1252 morarentur,

120 1278 302 1330 populum
340 1280 500 1330 eiusque
535 1280 795 1328 magistratus,
832 1279 996 1318 maxime
1031 1279 1159 1329 ipsum
1196 1278 1378 1318 Cleonem
1415 1279 1610 1318 irrisisset.

121 1353 375 1394 Consentiunt
404 1366 490 1392 cum
520 1353 594 1392 hac
625 1353 815 1392 sententia
843 1353 940 1392 Aah.
961 1366 1021 1392 VV.
1047 1354 1126 1392 502
1159 1366 1236 1404 sq.:

394 1428 439 1464 οὐ
470 1423 545 1482 γάρ
577 1439 626 1481 με
657 1431 722 1464 νῦν
753 1439 800 1482 γε
832 1419 1018 1477 διαβαλεῖ
1044 1423 1189 1464 Κλέων
1221 1423 1283 1464 ὅτι

390 1492 511 1546 ξένων
541 1498 746 1556 παρόντων
776 1499 849 1544 τὴν
878 1498 993 1538 πόλιν
1023 1504 1157 1546 κακῶς
1187 1498 1308 1556 λέγω,

121 1575 187 1613 ubi
217 1573 431 1614 Scholiasta
458 1576 555 1614 haec
584 1575 717 1615 habet:
756 1573 828 1615 Διά
865 1572 913 1613 τὸ
951 1575 991 1613 ἐν
1031 1579 1112 1620 τοῖς
1147 1571 1416 1625 Βαβυλωνίοις
1452 1575 1611 1613 πολλῶν

119 1645 325 1703 παρόντων
361 1641 481 1694 ξένων
519 1645 712 1702 εἰρηκέναι
757 1647 865 1687 κατὰ
909 1648 1070 1687 πολλῶν
1114 1646 1183 1686 τὸν
1216 1645 1501 1703 Ἀριστοφάνην.
1551 1643 1611 1686 διὸ

121 1720 189 1760 καὶ
225 1720 486 1779 κατηγορήθη
524 1721 600 1761 ὑπὸ
637 1727 708 1762 τοῦ
747 1720 946 1769 Κλέωνος.
1013 1722 1194 1762 Cleonem
1231 1724 1392 1772 iratum,
1431 1724 1535 1775 quod
1573 1736 1613 1762 se

121 1796 246 1847 ipsum
283 1797 522 1837 contumeliis
558 1798 752 1837 affecisset
788 1803 921 1849 poeta,
966 1799 1245 1848 praetexuisse,
1296 1810 1378 1836 rem
1417 1797 1613 1848 publicum

120 1869 265 1910 laesam
300 1884 404 1921 esse,
442 1876 603 1923 apparet
637 1884 683 1911 ex
722 1872 819 1911 Ach.
851 1885 887 1911 V.
917 1874 1018 1912 515:
1065 1873 1178 1927 ἡμῶν
1216 1869 1291 1927 γὰρ
1332 1861 1486 1925 ἄνδρες,
1527 1869 1614 1925 οὐχὶ

121 1943 196 1988 τῆν
231 1942 347 1983 πόλιν
382 1942 490 2001 λέγω
528 1958 560 1984 e.
593 1959 629 1997 q.
663 1959 694 1986 s,
731 1969 787 1974 —
826 1945 933 1994 Quae
977 1947 1166 1986 accusatio
1208 1958 1441 1998 quamquam
1481 1951 1613 1984 contra

121 2032 239 2059 unum
268 2020 374 2058 hunc
406 2023 558 2070 poetam
589 2025 738 2059 tantum
768 2021 946 2059 instituta
977 2026 1046 2068 est,
1085 2026 1213 2059 tamen
1245 2021 1399 2059 maioris
1429 2020 1614 2058 momenti

119 2093 300 2133 habenda
329 2097 405 2134 est.
434 2094 439 2100 ’
470 2093 691 2143 „Agebatur
729 2095 830 2132 enim
867 2094 1002 2142 simul,
1041 2100 1083 2133 ut
1118 2098 1218 2133 recte
1256 2093 1444 2132 intellexit
1479 2094 1615 2132 Ranke

121 2166 243 2218 (apud
270 2167 385 2206 Mein.
416 2179 480 2218 pg.
501 2166 628 2216 XVI),
659 2172 740 2206 tota
770 2169 897 2218 poesis
926 2169 1093 2207 comicae
1124 2181 1205 2215 res,
1238 2180 1334 2219 quae
1365 2169 1542 2218 quidem,
1581 2168 1615 2206 si

120 2241 183 2279 hic
220 2245 334 2292 poeta
369 2254 393 2280 a
422 2240 565 2280 Cleone
601 2246 805 2292 superatus
842 2248 880 2280 et
917 2255 939 2280 3
977 2247 1111 2280 senatu
1150 2243 1306 2292 punitus
1343 2246 1462 2289 esset,
1500 2241 1615 2291 longe

121 2298 426 2367 minusffortiter
461 2316 642 2366 progredi
678 2316 903 2365 potuisset.“
967 2314 1041 2355 Sed
1079 2321 1180 2355 recte
1220 2315 1311 2354 fecit
1347 2314 1488 2363 Cleon,
1526 2317 1614 2366 quia

121 2393 225 2428 certe
254 2393 369 2440 poeta
396 2389 540 2428 maiore
559 2384 654 2428 usus
683 2395 765 2428 erat
785 2390 939 2428 dicendi
967 2389 1157 2438 fibertate,
1191 2402 1304 2440 quam
1329 2401 1426 2441 quae
1457 2389 1614 2428 tolerari

119 2465 265 2514 posset„
323 2461 456 2513 Neque
491 2475 582 2501 vero
619 2463 721 2514 quod
759 2463 880 2502 voluit
911 2463 1029 2503 Cleon
1067 2469 1266 2503 assecutus
1305 2468 1381 2514 est,
1426 2476 1511 2502 cum
1545 2476 1615 2503 nec

121 2540 272 2587 poetam
301 2536 434 2588 poenis
463 2536 616 2575 afficere
652 2549 776 2588 neque
806 2542 927 2577 artem
958 2539 1141 2576 comicam
1178 2550 1353 2577 coercere
1383 2542 1526 2588 posset.
1564 2561 1610 2566 -

123 2609 252 2659 Quare
288 2610 412 2648 denuo
449 2609 543 2648 mali
581 2610 672 2661 quid
709 2611 749 2648 in
786 2611 1081 2662 Aristophanem
1123 2612 1415 2650 machinabatur
1453 2624 1614 2661 eumque

121 2687 319 2735 tamquam
346 2683 587 2734 peregrinum
619 2685 812 2723 accusavit
843 2683 989 2739 (γραφὴ
1021 2678 1161 2733 ξενίας,
1202 2685 1248 2723 cf.
1271 2697 1388 2735 supra
1415 2683 1544 2723 Schol.
1566 2685 1612 2723 ad

122 2755 219 2797 Ach.
247 2770 283 2795 v.
312 2755 430 2807 377),
470 2762 510 2796 ut
537 2763 672 2808 poetae
709 2758 931 2798 facultatem
969 2759 1139 2798 demeret
1168 2759 1207 2798 iu
1238 2764 1430 2810 posterum
1463 2771 1611 2799 comoe-
