1989 3216
906 158 1178 198 -28-

303 284 371 321 viri
401 287 527 322 essent
556 284 688 332 duces,
725 297 860 334 capere
891 284 975 322 illos
1007 285 1044 323 in
1076 284 1200 323 insula
1231 285 1383 333 milites,
1414 298 1529 336 seque
1561 287 1708 337 ipsum,
1750 287 1782 325 si

301 357 375 394 dux
407 360 516 404 esset,
548 357 619 395 hoc
648 356 836 394 facturuln
858 370 952 396 esse.
1003 357 1131 409 Atque
1161 358 1338 397 hocloco
1361 354 1418 410 (4,
1452 355 1518 408 28)
1541 359 1781 411 Thucydides

303 431 433 467 merito
466 429 616 469 Cleonis
656 429 1017 481 magniloquentiam
1049 429 1349 487 (κουφολογίαν)
1391 433 1590 482 vituperat.
1634 434 1782 484 *Neque

301 516 389 541 vero
428 517 471 541 ex
510 503 590 541 eius
632 503 756 541 verbis
794 503 895 542 aliud
934 505 1024 555 quid
1064 505 1187 555 colligi
1227 508 1351 555 potest
1386 518 1498 556 quam
1538 519 1620 545 curn
1652 519 1782 545 omnes

303 577 467 624 nobiles,
514 580 592 614 tum
634 577 756 626 ipsum
798 577 1056 629 Thucydidem
1096 578 1249 618 Cleonis
1292 579 1411 618 fuisse
1447 578 1705 627 adversarium
1742 580 1782 618 in

299 651 414 689 rebus
445 649 619 700 politicis.
682 649 795 688 Certe
826 650 944 690 Cleon
975 652 1013 689 in
1045 653 1220 690 contione
1251 653 1381 703 populi
1412 653 1524 692 nimis
1554 665 1781 704 progressus

301 728 382 763 erat
410 725 448 763 in
480 723 824 774 magniloquentia,
864 724 930 762 sed
967 725 1040 764 hoc
1069 726 1103 764 ei
1139 725 1379 775 ignoscamus
1418 730 1462 765 ut
1500 727 1579 765 viro
1610 725 1784 777 populari

301 802 338 836 et
369 797 606 847 Atheniensi,
646 798 711 848 qui
741 797 849 836 initio
880 801 981 836 certe
1011 798 1115 837 nullo
1146 799 1257 838 modo
1287 799 1369 838 fieri
1400 812 1511 850 posse
1541 800 1712 851 putabat,
1744 804 1785 838 ut

300 872 382 922 ipse
413 871 486 909 dux
518 884 599 910 esse
632 876 839 920 cogeretur.
890 870 998 919 Quod
1031 873 1152 911 virum
1185 872 1275 912 belli
1304 873 1520 924 imperitum
1543 873 1657 912 rebus
1679 885 1783 924 prae-

301 945 488 993 fecerunt,
527 945 654 995 potius
684 944 822 995 populo
855 945 1077 985 Atheniensi
1115 947 1206 986 vitio
1246 951 1458 997 vertamus,
1497 959 1609 997 quam
1638 946 1783 998 Cleoni,

301 1019 365 1069 qui
403 1018 557 1056 tandem
595 1023 747 1057 coactus
787 1019 987 1069 imperium
1034 1021 1191 1071 accepit.
1262 1020 1386 1071 Atque
1424 1024 1616 1071 postremo
1653 1033 1713 1059 res
1751 1020 1785 1058 ei

301 1094 442 1143 optime
474 1093 676 1142 processit,
716 1106 802 1131 nam
835 1105 901 1143 spe
932 1093 1090 1133 celerius
1120 1095 1159 1133 id
1191 1095 1290 1145 quod
1329 1095 1556 1144 promiserat
1586 1096 1784 1133 exsecutus

301 1171 368 1206 est.
419 1167 522 1205 Intra
551 1167 684 1216 viginti
713 1167 813 1205 enim
841 1167 922 1205 dies
953 1167 1272 1207 Lacedaemonios
1299 1168 1386 1207 illos
1413 1169 1584 1219 captivos
1615 1166 1786 1207 Athenas

301 1241 407 1278 duxit
445 1239 580 1289 (Thuc.
615 1244 659 1288 4,
700 1240 783 1288 39).
820 1264 864 1269 -
908 1239 1021 1280 Certe
1057 1243 1096 1280 in
1139 1242 1211 1281 hac
1247 1255 1286 1281 re
1323 1242 1416 1280 nihil
1456 1242 1648 1282 inhonesti
1685 1241 1786 1289 fecit,

303 1318 416 1364 atque
447 1314 655 1353 cavendum
688 1318 759 1363 est,
799 1327 845 1353 ne
877 1315 978 1365 quod
1011 1316 1166 1355 omnino
1196 1317 1234 1355 in
1264 1317 1379 1355 rebus
1409 1316 1573 1367 politicis
1605 1315 1788 1367 peccavit,

304 1389 472 1427 moribus
493 1389 573 1427 eius
594 1389 818 1428 tribuamus.
871 1389 1112 1441 Thucydides
1140 1391 1232 1441 ipse,
1265 1403 1495 1442 quamquam
1526 1390 1589 1442 (cp
1628 1391 1677 1429 39
1700 1388 1787 1437 fin.)

303 1463 530 1513 promissum
564 1462 717 1501 Cleonis
758 1463 934 1502 insanum
974 1454 1204 1518 (μανιώδης)
1244 1478 1320 1503 non
1364 1465 1554 1504 immerito
1603 1463 1787 1511 nominat,

302 1541 426 1575 tamen
448 1549 533 1575 cum
555 1537 664 1584 dicat,
694 1538 812 1576 risum
834 1538 1025 1589 quendam
1046 1539 1277 1590 surrepsisse
1299 1538 1597 1579 Atheniensibus
1631 1540 1785 1590 propter

302 1611 466 1648 hominis
497 1610 628 1648 insulsi
663 1612 867 1650 vanitatem
900 1612 950 1662 (4,
985 1614 1035 1651 28
1067 1613 1151 1651 fin.:
1188 1617 1268 1658 τοῖς
1309 1604 1353 1651 δὲ
1394 1609 1605 1656 Ἀθηναίοις
1637 1607 1792 1649 ἐνέπεσε

305 1681 374 1737 μέν
405 1697 442 1721 τι
475 1683 541 1721 καὶ
571 1681 748 1739 γέλωτος
780 1689 830 1737 τῇ
861 1684 1109 1741 κουφολογίᾳ
1145 1686 1304 1736 αὐτοῦ),
1344 1687 1462 1726 multo
1492 1686 1640 1726 cautius
1669 1687 1788 1723 totam

304 1771 382 1796 rem
414 1758 530 1797 tradit
560 1771 672 1809 quam
695 1758 933 1806 Plutarchus,
967 1761 1031 1811 qui
1051 1773 1130 1799 rem
1160 1761 1200 1800 in
1221 1762 1343 1800 maius
1370 1773 1512 1810 augens
1531 1760 1629 1799 haec
1653 1758 1787 1797 habet:

304 1836 384 1877 τοῖς
416 1822 459 1869 δὲ
493 1828 703 1877 Ἀθηναίοις
733 1830 884 1875 ἐπῆλθε
916 1833 1085 1887 γελάσαι
1119 1831 1236 1890 μέγα.

390 1907 508 1946 Clade
538 1906 602 1945 illa
641 1908 679 1945 in
711 1907 933 1957 Sphacteria
962 1908 1087 1947 insula
1125 1913 1282 1959 accepta
1313 1908 1696 1948 Lacedaemoniorum
1730 1919 1790 1945 res

306 1981 414 2019 valde
453 1981 616 2020 afflictae
664 1984 761 2018 sunt.
833 1981 1006 2033 Namque
1050 1996 1094 2021 ex
1133 1983 1269 2032 viginti
1309 1987 1346 2022 et
1383 1983 1688 2034 quadringentis,
1727 1980 1792 2031 qui

308 2056 464 2106 profecti
504 2060 629 2101 erant,
677 2056 831 2094 armatis
869 2056 1021 2095 ducenti
1061 2058 1267 2107 nonaginta
1308 2058 1382 2096 duo
1421 2058 1458 2095 in
1500 2056 1788 2096 Atheniensium

308 2134 535 2180 potestatem
566 2134 759 2178 venerant,
794 2131 828 2167 in
862 2130 1000 2180 quibus
1032 2136 1139 2170 erant
1169 2138 1322 2171 centum
1353 2136 1391 2170 et
1421 2131 1555 2181 viginti
1577 2129 1792 2180 Spartiatae

306 2218 453 2243 summo
490 2204 572 2243 loco
611 2205 689 2243 nati
729 2204 862 2254 (Thac.
892 2203 938 2251 4,
972 2207 1044 2253 383
1087 2208 1130 2256 5,
1177 2206 1254 2256 15).
1331 2205 1408 2244 Nec
1446 2204 1606 2243 multum
1645 2204 1791 2251 aberat,

307 2280 397 2330 quin
433 2279 720 2317 Lacedaemonii
759 2279 831 2316 iam
869 2279 1022 2317 omnino
1060 2279 1106 2318 de
1145 2279 1265 2318 salute
1304 2292 1372 2318 sua
1402 2279 1667 2329 desperarent,
1707 2291 1793 2316 cum

306 2366 436 2404 pacem
459 2353 505 2391 ab
528 2352 828 2391 Atheniensibus
858 2353 1061 2402 impetrare
1083 2366 1156 2391 non
1189 2357 1354 2403 possent,
1388 2353 1459 2391 nisi
1492 2353 1698 2392 exstitisset
1719 2353 1788 2400 vir,

307 2429 371 2479 qui
402 2441 479 2466 rem
512 2426 774 2465 labefactatam
808 2428 915 2466 novis
938 2428 1053 2466 rebus
1084 2428 1203 2478 gestis
1224 2427 1456 2477 restitueret,
1489 2427 1574 2466 dico
1594 2427 1793 2466 Brasidam

306 2502 452 2550 ducem,
499 2502 564 2552 qui
608 2501 782 2551 plurimis
828 2502 1012 2540 Thraciae
1058 2502 1215 2540 urbibus
1261 2501 1308 2540 ad
1356 2501 1603 2541 defectionem
1653 2501 1793 2540 coactis

307 2577 457 2614 tandem
491 2588 590 2614 anno
623 2577 700 2614 4:255
734 2576 904 2614 indutias
937 2588 1021 2614 cum
1054 2576 1352 2615 Atheniensibus
1382 2588 1529 2614 annuas
1560 2575 1660 2614 fecit.
1719 2573 1794 2614 Sed

307 2664 391 2689 cum
425 2650 528 2688 brevi
559 2654 645 2700 post
665 2650 801 2688 Sciona
833 2655 946 2701 atque
966 2649 1105 2688 Menda
1134 2651 1247 2689 urbes
1278 2650 1532 2688 descivissent
1552 2654 1589 2688 et
1611 2649 1791 2688 Brasidas

307 2738 370 2762 eas
402 2724 562 2762 reddere
601 2723 738 2772 nollet,
778 2720 920 2763 bellum
957 2723 1081 2762 denuo
1121 2724 1280 2773 exarsit,
1319 2727 1432 2775 atque
1464 2723 1605 2763 Cleone
1642 2727 1794 2762 auctore
