<?xml version="1.0" encoding="UTF-8"?>
<!DOCTYPE html PUBLIC "-//W3C//DTD XHTML 1.0 Transitional//EN"
    "http://www.w3.org/TR/xhtml1/DTD/xhtml1-transitional.dtd">
<html xmlns="http://www.w3.org/1999/xhtml" xml:lang="en" lang="en">
 <head>
  <title>
</title>
<meta http-equiv="Content-Type" content="text/html;charset=utf-8" />
  <meta name='ocr-system' content='tesseract 3.04.00' />
  <meta name='ocr-capabilities' content='ocr_page ocr_carea ocr_par ocr_line ocrx_word'/>
</head>
<body>
  <div class='ocr_page' id='page_1' title='image "./decleoneathenien00schw_0046.png"; bbox 0 0 1989 3216; ppageno 0'>
   <div class='ocr_carea' id='block_1_1' title="bbox 909 155 1187 196">
    <p class='ocr_par' dir='ltr' id='par_1_1' title="bbox 909 155 1187 196">
     <span class='ocr_line' id='line_1_1' title="bbox 909 155 1187 196; baseline 0.014 -13"><span class='ocrx_word' id='word_1_1' title='bbox 909 179 958 184; x_wconf 33' lang='lat' dir='ltr'>r-..</span> <span class='ocrx_word' id='word_1_2' title='bbox 1020 155 1075 196; x_wconf 81' lang='lat'>42</span> <span class='ocrx_word' id='word_1_3' title='bbox 1136 182 1187 187; x_wconf 78' lang='grc'>-</span> 
     </span>
    </p>
   </div>
   <div class='ocr_carea' id='block_1_2' title="bbox 299 281 1800 2628">
    <p class='ocr_par' dir='ltr' id='par_1_2' title="bbox 299 281 1800 2628">
     <span class='ocr_line' id='line_1_2' title="bbox 299 281 1785 332; baseline 0.001 -13"><span class='ocrx_word' id='word_1_4' title='bbox 299 281 540 332; x_wconf 80' lang='lat' dir='ltr'>sigillumque</span> <span class='ocrx_word' id='word_1_5' title='bbox 571 281 700 332; x_wconf 88' lang='lat' dir='ltr'>populi</span> <span class='ocrx_word' id='word_1_6' title='bbox 730 282 921 320; x_wconf 87' lang='lat' dir='ltr'>habuisse.</span> <span class='ocrx_word' id='word_1_7' title='bbox 985 281 1094 330; x_wconf 76' lang='lat' dir='ltr'>Quod</span> <span class='ocrx_word' id='word_1_8' title='bbox 1119 282 1281 320; x_wconf 82' lang='lat' dir='ltr'>officium</span> <span class='ocrx_word' id='word_1_9' title='bbox 1315 281 1505 332; x_wconf 85' lang='lat' dir='ltr'>publicum</span> <span class='ocrx_word' id='word_1_10' title='bbox 1536 296 1620 321; x_wconf 88' lang='lat' dir='ltr'>eum</span> <span class='ocrx_word' id='word_1_11' title='bbox 1653 282 1785 322; x_wconf 86' lang='lat' dir='ltr'>iniisse</span> 
     </span>
     <span class='ocr_line' id='line_1_3' title="bbox 300 354 1783 406; baseline 0.001 -14"><span class='ocrx_word' id='word_1_12' title='bbox 300 355 369 393; x_wconf 90' lang='lat' dir='ltr'>sub</span> <span class='ocrx_word' id='word_1_13' title='bbox 392 358 541 404; x_wconf 88' lang='lat' dir='ltr'>tempus</span> <span class='ocrx_word' id='word_1_14' title='bbox 563 355 802 393; x_wconf 88' lang='lat' dir='ltr'>auctumnale</span> <span class='ocrx_word' id='word_1_15' title='bbox 823 356 912 393; x_wconf 89' lang='lat' dir='ltr'>anni</span> <span class='ocrx_word' id='word_1_16' title='bbox 932 357 1026 404; x_wconf 84' lang='lat'>426,</span> <span class='ocrx_word' id='word_1_17' title='bbox 1044 355 1214 393; x_wconf 80' lang='lat' dir='ltr'><strong>ostendit</strong></span> <span class='ocrx_word' id='word_1_18' title='bbox 1230 355 1401 406; x_wconf 88' lang='lat' dir='ltr'>Droysen</span> <span class='ocrx_word' id='word_1_19' title='bbox 1421 355 1476 404; x_wconf 87' lang='lat' dir='ltr'>(l,</span> <span class='ocrx_word' id='word_1_20' title='bbox 1494 354 1576 405; x_wconf 80' lang='lat'>83),</span> <span class='ocrx_word' id='word_1_21' title='bbox 1598 355 1783 395; x_wconf 73' lang='lat' dir='ltr'>cf.Bockh</span> 
     </span>
     <span class='ocr_line' id='line_1_4' title="bbox 302 427 1784 479; baseline 0.001 -13"><span class='ocrx_word' id='word_1_22' title='bbox 302 429 339 477; x_wconf 78' lang='lat'>2,</span> <span class='ocrx_word' id='word_1_23' title='bbox 378 430 471 466; x_wconf 85' lang='lat'>450.</span> <span class='ocrx_word' id='word_1_24' title='bbox 549 427 674 479; x_wconf 76' lang='lat' dir='ltr'>Atque</span> <span class='ocrx_word' id='word_1_25' title='bbox 719 428 791 466; x_wconf 89' lang='lat' dir='ltr'>hoc</span> <span class='ocrx_word' id='word_1_26' title='bbox 834 442 972 467; x_wconf 91' lang='lat' dir='ltr'>munus</span> <span class='ocrx_word' id='word_1_27' title='bbox 1018 428 1285 478; x_wconf 83' lang='lat' dir='ltr'>gravissimum</span> <span class='ocrx_word' id='word_1_28' title='bbox 1329 428 1446 468; x_wconf 87' lang='lat' dir='ltr'>fuisse</span> <span class='ocrx_word' id='word_1_29' title='bbox 1493 429 1585 468; x_wconf 87' lang='lat' dir='ltr'>satis</span> <span class='ocrx_word' id='word_1_30' title='bbox 1623 433 1784 478; x_wconf 86' lang='lat' dir='ltr'>constat,</span> 
     </span>
     <span class='ocr_line' id='line_1_5' title="bbox 300 497 1787 553; baseline 0.003 -15"><span class='ocrx_word' id='word_1_31' title='bbox 300 501 345 538; x_wconf 83' lang='lat' dir='ltr'>cf.</span> <span class='ocrx_word' id='word_1_32' title='bbox 370 501 498 539; x_wconf 74' lang='lat' dir='ltr'>Bockh</span> <span class='ocrx_word' id='word_1_33' title='bbox 531 497 608 553; x_wconf 85' lang='lat' dir='ltr'>(ed.</span> <span class='ocrx_word' id='word_1_34' title='bbox 640 501 685 550; x_wconf 91' lang='grc' dir='ltr'>ΙΙ,</span> <span class='ocrx_word' id='word_1_35' title='bbox 725 504 841 550; x_wconf 79' lang='grc'>1851,</span> <span class='ocrx_word' id='word_1_36' title='bbox 880 506 912 550; x_wconf 91' lang='grc'>1,</span> <span class='ocrx_word' id='word_1_37' title='bbox 946 515 1006 552; x_wconf 87' lang='lat' dir='ltr'>pg.</span> <span class='ocrx_word' id='word_1_38' title='bbox 1041 498 1160 552; x_wconf 79' lang='lat'>204):</span> <span class='ocrx_word' id='word_1_39' title='bbox 1201 502 1278 540; x_wconf 88' lang='lat' dir='ltr'>Der</span> <span class='ocrx_word' id='word_1_40' title='bbox 1309 502 1514 540; x_wconf 89' lang='lat' dir='ltr'>Vorsteher</span> <span class='ocrx_word' id='word_1_41' title='bbox 1550 502 1617 541; x_wconf 89' lang='lat' dir='ltr'>der</span> <span class='ocrx_word' id='word_1_42' title='bbox 1655 503 1787 542; x_wconf 69' lang='lat' dir='ltr'>offent-</span> 
     </span>
     <span class='ocr_line' id='line_1_6' title="bbox 301 574 1788 626; baseline 0.001 -14"><span class='ocrx_word' id='word_1_43' title='bbox 301 575 421 613; x_wconf 88' lang='lat' dir='ltr'>lichen</span> <span class='ocrx_word' id='word_1_44' title='bbox 466 574 674 613; x_wconf 82' lang='lat' dir='ltr'>Einkiinfte</span> <span class='ocrx_word' id='word_1_45' title='bbox 715 588 792 614; x_wconf 87' lang='lat' dir='ltr'>war</span> <span class='ocrx_word' id='word_1_46' title='bbox 836 576 920 614; x_wconf 88' lang='lat' dir='ltr'>eine</span> <span class='ocrx_word' id='word_1_47' title='bbox 964 575 1033 613; x_wconf 86' lang='lat' dir='ltr'>der</span> <span class='ocrx_word' id='word_1_48' title='bbox 1071 575 1311 625; x_wconf 83' lang='lat' dir='ltr'>wichtigsten</span> <span class='ocrx_word' id='word_1_49' title='bbox 1350 576 1564 615; x_wconf 73' lang='lat' dir='ltr'>Behorden.</span> <span class='ocrx_word' id='word_1_50' title='bbox 1629 575 1670 614; x_wconf 90' lang='lat' dir='ltr'>In</span> <span class='ocrx_word' id='word_1_51' title='bbox 1713 588 1788 626; x_wconf 92' lang='lat' dir='ltr'>quo</span> 
     </span>
     <span class='ocr_line' id='line_1_7' title="bbox 300 648 1790 699; baseline 0.001 -13"><span class='ocrx_word' id='word_1_52' title='bbox 300 661 454 686; x_wconf 90' lang='lat' dir='ltr'>munere</span> <span class='ocrx_word' id='word_1_53' title='bbox 490 649 682 698; x_wconf 86' lang='lat' dir='ltr'>fungendo</span> <span class='ocrx_word' id='word_1_54' title='bbox 727 653 825 687; x_wconf 84' lang='lat' dir='ltr'>certe</span> <span class='ocrx_word' id='word_1_55' title='bbox 867 648 1093 699; x_wconf 82' lang='lat' dir='ltr'><strong>saepissime</strong></span> <span class='ocrx_word' id='word_1_56' title='bbox 1142 648 1358 687; x_wconf 82' lang='lat' dir='ltr'><strong>facultatem</strong></span> <span class='ocrx_word' id='word_1_57' title='bbox 1404 650 1569 689; x_wconf 84' lang='lat' dir='ltr'>habebat</span> <span class='ocrx_word' id='word_1_58' title='bbox 1606 649 1790 688; x_wconf 84' lang='lat' dir='ltr'>avaritiae</span> 
     </span>
     <span class='ocr_line' id='line_1_8' title="bbox 300 720 1790 774; baseline 0.001 -14"><span class='ocrx_word' id='word_1_59' title='bbox 300 722 507 772; x_wconf 78' lang='lat' dir='ltr'>explendae</span> <span class='ocrx_word' id='word_1_60' title='bbox 538 720 603 771; x_wconf 81' lang='lat' dir='ltr'>(cf.</span> <span class='ocrx_word' id='word_1_61' title='bbox 626 721 755 761; x_wconf 70' lang='lat' dir='ltr'>Bockh</span> <span class='ocrx_word' id='word_1_62' title='bbox 784 727 816 771; x_wconf 87' lang='lat' dir='ltr'>l,</span> <span class='ocrx_word' id='word_1_63' title='bbox 850 725 927 761; x_wconf 84' lang='lat'>179</span> <span class='ocrx_word' id='word_1_64' title='bbox 950 721 1069 773; x_wconf 90' lang='lat' dir='ltr'>sqq.),</span> <span class='ocrx_word' id='word_1_65' title='bbox 1103 722 1204 773; x_wconf 90' lang='lat' dir='ltr'>quod</span> <span class='ocrx_word' id='word_1_66' title='bbox 1236 735 1320 761; x_wconf 90' lang='lat' dir='ltr'>eum</span> <span class='ocrx_word' id='word_1_67' title='bbox 1354 723 1486 762; x_wconf 82' lang='lat' dir='ltr'>fecisse</span> <span class='ocrx_word' id='word_1_68' title='bbox 1516 735 1790 774; x_wconf 80' lang='lat' dir='ltr'>saepenumero</span> 
     </span>
     <span class='ocr_line' id='line_1_9' title="bbox 300 795 1791 848; baseline 0 -14"><span class='ocrx_word' id='word_1_69' title='bbox 300 796 426 845; x_wconf 81' lang='lat' dir='ltr'>arguit</span> <span class='ocrx_word' id='word_1_70' title='bbox 445 796 724 846; x_wconf 81' lang='lat' dir='ltr'>Aristophanes</span> <span class='ocrx_word' id='word_1_71' title='bbox 746 795 807 837; x_wconf 86' lang='lat' dir='ltr'>(cf.</span> <span class='ocrx_word' id='word_1_72' title='bbox 832 809 930 848; x_wconf 87' lang='lat' dir='ltr'>quae</span> <span class='ocrx_word' id='word_1_73' title='bbox 952 808 1069 846; x_wconf 87' lang='lat' dir='ltr'>supra</span> <span class='ocrx_word' id='word_1_74' title='bbox 1089 796 1265 846; x_wconf 85' lang='lat' dir='ltr'>exposita</span> <span class='ocrx_word' id='word_1_75' title='bbox 1295 800 1384 834; x_wconf 86' lang='lat' dir='ltr'>sunt</span> <span class='ocrx_word' id='word_1_76' title='bbox 1413 797 1459 835; x_wconf 91' lang='lat' dir='ltr'>de</span> <span class='ocrx_word' id='word_1_77' title='bbox 1488 797 1548 835; x_wconf 91' lang='lat' dir='ltr'>his</span> <span class='ocrx_word' id='word_1_78' title='bbox 1570 796 1791 847; x_wconf 87' lang='lat' dir='ltr'>plerumque</span> 
     </span>
     <span class='ocr_line' id='line_1_10' title="bbox 302 869 1794 919; baseline 0.001 -12"><span class='ocrx_word' id='word_1_79' title='bbox 302 869 408 908; x_wconf 85' lang='lat' dir='ltr'>falsis</span> <span class='ocrx_word' id='word_1_80' title='bbox 439 870 785 918; x_wconf 79' lang='lat' dir='ltr'>criminationibus)</span> <span class='ocrx_word' id='word_1_81' title='bbox 818 874 855 909; x_wconf 89' lang='lat' dir='ltr'>et</span> <span class='ocrx_word' id='word_1_82' title='bbox 876 870 1071 917; x_wconf 85' lang='lat' dir='ltr'>Aelianus,</span> <span class='ocrx_word' id='word_1_83' title='bbox 1105 882 1188 908; x_wconf 88' lang='lat' dir='ltr'>cum</span> <span class='ocrx_word' id='word_1_84' title='bbox 1221 870 1260 909; x_wconf 91' lang='lat' dir='ltr'>in</span> <span class='ocrx_word' id='word_1_85' title='bbox 1291 883 1369 909; x_wconf 84' lang='lat' dir='ltr'>var.</span> <span class='ocrx_word' id='word_1_86' title='bbox 1402 870 1492 910; x_wconf 86' lang='lat' dir='ltr'>hist.</span> <span class='ocrx_word' id='word_1_87' title='bbox 1531 874 1593 919; x_wconf 82' lang='lat'>10,</span> <span class='ocrx_word' id='word_1_88' title='bbox 1620 872 1665 910; x_wconf 87' lang='grc'>17</span> <span class='ocrx_word' id='word_1_89' title='bbox 1699 871 1794 909; x_wconf 87' lang='lat' dir='ltr'>haec</span> 
     </span>
     <span class='ocr_line' id='line_1_11' title="bbox 303 935 1792 999; baseline 0.001 -19"><span class='ocrx_word' id='word_1_90' title='bbox 303 943 446 981; x_wconf 81' lang='lat' dir='ltr'>tradat:</span> <span class='ocrx_word' id='word_1_91' title='bbox 473 939 599 998; x_wconf 73' lang='grc' dir='ltr'>Λέγει</span> <span class='ocrx_word' id='word_1_92' title='bbox 624 940 784 997; x_wconf 66' lang='grc' dir='ltr'>Κριτίας</span> <span class='ocrx_word' id='word_1_93' title='bbox 805 939 1089 998; x_wconf 74' lang='grc' dir='ltr'>Θεμιστοκλέα</span> <span class='ocrx_word' id='word_1_94' title='bbox 1109 940 1178 980; x_wconf 72' lang='grc' dir='ltr'>τὸν</span> <span class='ocrx_word' id='word_1_95' title='bbox 1201 939 1423 989; x_wconf 72' lang='grc' dir='ltr'>Νεοκλέους</span> <span class='ocrx_word' id='word_1_96' title='bbox 1443 942 1529 999; x_wconf 80' lang='grc' dir='ltr'>πρὶν</span> <span class='ocrx_word' id='word_1_97' title='bbox 1549 940 1574 987; x_wconf 77' lang='grc' dir='ltr'>ἤ</span> <span class='ocrx_word' id='word_1_98' title='bbox 1597 935 1792 996; x_wconf 73' lang='grc' dir='ltr'>ἄρξασθαι</span> 
     </span>
     <span class='ocr_line' id='line_1_12' title="bbox 302 1012 1794 1072; baseline 0 -18"><span class='ocrx_word' id='word_1_99' title='bbox 302 1014 581 1054; x_wconf 70' lang='grc' dir='ltr'>πολιτεύεσθαι</span> <span class='ocrx_word' id='word_1_100' title='bbox 611 1015 699 1069; x_wconf 77' lang='grc' dir='ltr'>τρία</span> <span class='ocrx_word' id='word_1_101' title='bbox 731 1015 912 1055; x_wconf 77' lang='grc' dir='ltr'>τάλαντα</span> <span class='ocrx_word' id='word_1_102' title='bbox 943 1018 1044 1072; x_wconf 74' lang='grc' dir='ltr'>ἔχειν</span> <span class='ocrx_word' id='word_1_103' title='bbox 1075 1012 1148 1058; x_wconf 67' lang='grc' dir='ltr'>τὴν</span> <span class='ocrx_word' id='word_1_104' title='bbox 1180 1015 1314 1055; x_wconf 75' lang='grc' dir='ltr'>οὐσίαν</span> <span class='ocrx_word' id='word_1_105' title='bbox 1348 1015 1421 1059; x_wconf 64' lang='grc' dir='ltr'>τὴν</span> <span class='ocrx_word' id='word_1_106' title='bbox 1458 1014 1669 1071; x_wconf 75' lang='grc' dir='ltr'>πατρῴαν·</span> <span class='ocrx_word' id='word_1_107' title='bbox 1711 1015 1794 1055; x_wconf 76' lang='grc' dir='ltr'>ἐπεὶ</span> 
     </span>
     <span class='ocr_line' id='line_1_13' title="bbox 303 1081 1793 1145; baseline 0.001 -19"><span class='ocrx_word' id='word_1_108' title='bbox 303 1082 346 1128; x_wconf 65' lang='grc' dir='ltr'>δὲ</span> <span class='ocrx_word' id='word_1_109' title='bbox 378 1094 456 1128; x_wconf 80' lang='grc' dir='ltr'>τῶν</span> <span class='ocrx_word' id='word_1_110' title='bbox 488 1095 628 1128; x_wconf 71' lang='grc' dir='ltr'>κοινῶν</span> <span class='ocrx_word' id='word_1_111' title='bbox 658 1087 832 1143; x_wconf 76' lang='grc' dir='ltr'>προέστη</span> <span class='ocrx_word' id='word_1_112' title='bbox 864 1086 951 1128; x_wconf 77' lang='grc' dir='ltr'>εἶτα</span> <span class='ocrx_word' id='word_1_113' title='bbox 983 1091 1117 1145; x_wconf 79' lang='grc' dir='ltr'>ἔφυγε,</span> <span class='ocrx_word' id='word_1_114' title='bbox 1150 1088 1217 1127; x_wconf 83' lang='grc' dir='ltr'>καὶ</span> <span class='ocrx_word' id='word_1_115' title='bbox 1239 1081 1444 1145; x_wconf 57' lang='grc' dir='ltr'>ἐδημεύθη</span> <span class='ocrx_word' id='word_1_116' title='bbox 1468 1091 1590 1129; x_wconf 76' lang='grc' dir='ltr'>αὐτοῦ</span> <span class='ocrx_word' id='word_1_117' title='bbox 1621 1091 1645 1134; x_wconf 71' lang='grc' dir='ltr'>’ἡ</span> <span class='ocrx_word' id='word_1_118' title='bbox 1668 1089 1793 1135; x_wconf 74' lang='grc' dir='ltr'>οὐσία,</span> 
     </span>
     <span class='ocr_line' id='line_1_14' title="bbox 302 1154 1796 1220; baseline 0 -18"><span class='ocrx_word' id='word_1_119' title='bbox 302 1161 571 1219; x_wconf 68' lang='grc' dir='ltr'>κατεφωραθη</span> <span class='ocrx_word' id='word_1_120' title='bbox 619 1162 763 1203; x_wconf 77' lang='grc' dir='ltr'>ἑκατὸν</span> <span class='ocrx_word' id='word_1_121' title='bbox 801 1164 1011 1202; x_wconf 71' lang='grc' dir='ltr'>ταλάντων</span> <span class='ocrx_word' id='word_1_122' title='bbox 1050 1161 1174 1202; x_wconf 74' lang='grc' dir='ltr'>πλείω</span> <span class='ocrx_word' id='word_1_123' title='bbox 1214 1162 1348 1202; x_wconf 78' lang='grc' dir='ltr'>οὐσίαν</span> <span class='ocrx_word' id='word_1_124' title='bbox 1396 1166 1514 1219; x_wconf 78' lang='grc' dir='ltr'>ἔχων,</span> <span class='ocrx_word' id='word_1_125' title='bbox 1566 1163 1709 1220; x_wconf 79' lang='grc' dir='ltr'>ὁμοίως</span> <span class='ocrx_word' id='word_1_126' title='bbox 1753 1154 1796 1202; x_wconf 66' lang='grc' dir='ltr'>δὲ</span> 
     </span>
     <span class='ocr_line' id='line_1_15' title="bbox 303 1229 1796 1293; baseline 0 -17"><span class='ocrx_word' id='word_1_127' title='bbox 303 1237 369 1276; x_wconf 77' lang='grc' dir='ltr'>καὶ</span> <span class='ocrx_word' id='word_1_128' title='bbox 403 1235 573 1276; x_wconf 80' lang='grc' dir='ltr'>Κλέωνα</span> <span class='ocrx_word' id='word_1_129' title='bbox 603 1235 676 1291; x_wconf 80' lang='grc' dir='ltr'>πρὸ</span> <span class='ocrx_word' id='word_1_130' title='bbox 707 1241 779 1276; x_wconf 73' lang='grc' dir='ltr'>τοῦ</span> <span class='ocrx_word' id='word_1_131' title='bbox 811 1234 1024 1291; x_wconf 69' lang='grc' dir='ltr'>παρελθεῖν</span> <span class='ocrx_word' id='word_1_132' title='bbox 1056 1235 1118 1276; x_wconf 79' lang='grc' dir='ltr'>ἐπὶ</span> <span class='ocrx_word' id='word_1_133' title='bbox 1148 1234 1201 1275; x_wconf 80' lang='grc' dir='ltr'>τοὶ</span> <span class='ocrx_word' id='word_1_134' title='bbox 1232 1236 1344 1276; x_wconf 67' lang='grc' dir='ltr'>κοινὰ.</span> <span class='ocrx_word' id='word_1_135' title='bbox 1377 1229 1501 1293; x_wconf 74' lang='grc' dir='ltr'>μηδὲν</span> <span class='ocrx_word' id='word_1_136' title='bbox 1532 1243 1612 1277; x_wconf 84' lang='grc' dir='ltr'>τῶν</span> <span class='ocrx_word' id='word_1_137' title='bbox 1642 1237 1796 1276; x_wconf 82' lang='grc' dir='ltr'>οἰκείων</span> 
     </span>
     <span class='ocr_line' id='line_1_16' title="bbox 305 1303 1793 1367; baseline 0.001 -17"><span class='ocrx_word' id='word_1_138' title='bbox 305 1310 511 1364; x_wconf 76' lang='grc' dir='ltr'>ἐλεύθερον</span> <span class='ocrx_word' id='word_1_139' title='bbox 543 1307 658 1350; x_wconf 77' lang='grc' dir='ltr'>εἶναι·</span> <span class='ocrx_word' id='word_1_140' title='bbox 693 1310 795 1367; x_wconf 75' lang='grc' dir='ltr'>μετα</span> <span class='ocrx_word' id='word_1_141' title='bbox 824 1303 868 1349; x_wconf 70' lang='grc' dir='ltr'>δὲ</span> <span class='ocrx_word' id='word_1_142' title='bbox 889 1309 1140 1355; x_wconf 67' lang='grc' dir='ltr'>πεντήκοντα</span> <span class='ocrx_word' id='word_1_143' title='bbox 1160 1308 1372 1350; x_wconf 80' lang='grc' dir='ltr'>ταλάντων</span> <span class='ocrx_word' id='word_1_144' title='bbox 1393 1310 1462 1351; x_wconf 84' lang='grc' dir='ltr'>τὸν</span> <span class='ocrx_word' id='word_1_145' title='bbox 1487 1308 1594 1351; x_wconf 82' lang='grc' dir='ltr'>οἷκον</span> <span class='ocrx_word' id='word_1_146' title='bbox 1615 1309 1793 1351; x_wconf 84' lang='grc' dir='ltr'>ἀπέλιπε.</span> 
     </span>
     <span class='ocr_line' id='line_1_17' title="bbox 304 1385 1797 1438; baseline -0.001 -12"><span class='ocrx_word' id='word_1_147' title='bbox 304 1387 421 1427; x_wconf 88' lang='lat' dir='ltr'>Cuius</span> <span class='ocrx_word' id='word_1_148' title='bbox 453 1387 506 1425; x_wconf 84' lang='lat' dir='ltr'>rei</span> <span class='ocrx_word' id='word_1_149' title='bbox 537 1399 583 1425; x_wconf 90' lang='lat' dir='ltr'>ne</span> <span class='ocrx_word' id='word_1_150' title='bbox 615 1386 716 1437; x_wconf 88' lang='lat' dir='ltr'>apud</span> <span class='ocrx_word' id='word_1_151' title='bbox 748 1386 913 1425; x_wconf 86' lang='lat' dir='ltr'>comicos</span> <span class='ocrx_word' id='word_1_152' title='bbox 944 1385 1095 1436; x_wconf 90' lang='lat' dir='ltr'>quidem</span> <span class='ocrx_word' id='word_1_153' title='bbox 1135 1390 1269 1436; x_wconf 85' lang='lat' dir='ltr'>poetas</span> <span class='ocrx_word' id='word_1_154' title='bbox 1301 1387 1442 1425; x_wconf 84' lang='lat' dir='ltr'>mentio</span> <span class='ocrx_word' id='word_1_155' title='bbox 1473 1386 1550 1426; x_wconf 89' lang='lat' dir='ltr'>ulla</span> <span class='ocrx_word' id='word_1_156' title='bbox 1579 1387 1636 1436; x_wconf 81' lang='lat' dir='ltr'>fit,</span> <span class='ocrx_word' id='word_1_157' title='bbox 1676 1399 1797 1438; x_wconf 89' lang='lat' dir='ltr'>neque</span> 
     </span>
     <span class='ocr_line' id='line_1_18' title="bbox 304 1459 1796 1510; baseline -0.001 -10"><span class='ocrx_word' id='word_1_158' title='bbox 304 1461 495 1501; x_wconf 88' lang='lat' dir='ltr'>credibilis</span> <span class='ocrx_word' id='word_1_159' title='bbox 535 1473 580 1499; x_wconf 79' lang='lat' dir='ltr'>ea</span> <span class='ocrx_word' id='word_1_160' title='bbox 618 1464 685 1508; x_wconf 86' lang='lat' dir='ltr'>est,</span> <span class='ocrx_word' id='word_1_161' title='bbox 727 1460 955 1510; x_wconf 86' lang='lat' dir='ltr'>praesertim</span> <span class='ocrx_word' id='word_1_162' title='bbox 993 1472 1078 1498; x_wconf 87' lang='lat' dir='ltr'>cum</span> <span class='ocrx_word' id='word_1_163' title='bbox 1117 1464 1367 1510; x_wconf 85' lang='lat' dir='ltr'>componatur</span> <span class='ocrx_word' id='word_1_164' title='bbox 1405 1473 1488 1500; x_wconf 89' lang='lat' dir='ltr'>cum</span> <span class='ocrx_word' id='word_1_165' title='bbox 1529 1459 1796 1509; x_wconf 81' lang='lat' dir='ltr'>Themistocle,</span> 
     </span>
     <span class='ocr_line' id='line_1_19' title="bbox 305 1532 1796 1584; baseline -0.001 -10"><span class='ocrx_word' id='word_1_166' title='bbox 305 1536 457 1574; x_wconf 88' lang='lat' dir='ltr'>homine</span> <span class='ocrx_word' id='word_1_167' title='bbox 489 1539 590 1574; x_wconf 84' lang='lat' dir='ltr'>certe</span> <span class='ocrx_word' id='word_1_168' title='bbox 621 1536 781 1584; x_wconf 88' lang='lat' dir='ltr'>integro.</span> <span class='ocrx_word' id='word_1_169' title='bbox 815 1556 855 1560; x_wconf 86' lang='lat'>-—</span> <span class='ocrx_word' id='word_1_170' title='bbox 895 1532 1004 1582; x_wconf 76' lang='lat' dir='ltr'>Quod</span> <span class='ocrx_word' id='word_1_171' title='bbox 1037 1533 1209 1581; x_wconf 87' lang='lat' dir='ltr'>Oncken,</span> <span class='ocrx_word' id='word_1_172' title='bbox 1241 1533 1306 1572; x_wconf 85' lang='lat' dir='ltr'>alii</span> <span class='ocrx_word' id='word_1_173' title='bbox 1337 1538 1583 1584; x_wconf 79' lang='lat' dir='ltr'>negaverunt,</span> <span class='ocrx_word' id='word_1_174' title='bbox 1615 1533 1796 1573; x_wconf 85' lang='lat' dir='ltr'>Cleonem</span> 
     </span>
     <span class='ocr_line' id='line_1_20' title="bbox 306 1607 1797 1660; baseline -0.001 -12"><span class='ocrx_word' id='word_1_175' title='bbox 306 1622 472 1660; x_wconf 81' lang='lat' dir='ltr'>unquam</span> <span class='ocrx_word' id='word_1_176' title='bbox 507 1622 661 1647; x_wconf 88' lang='lat' dir='ltr'>munere</span> <span class='ocrx_word' id='word_1_177' title='bbox 695 1608 847 1659; x_wconf 88' lang='lat' dir='ltr'>publico</span> <span class='ocrx_word' id='word_1_178' title='bbox 878 1607 1050 1646; x_wconf 86' lang='lat' dir='ltr'>functum</span> <span class='ocrx_word' id='word_1_179' title='bbox 1081 1620 1164 1646; x_wconf 89' lang='lat' dir='ltr'>esse</span> <span class='ocrx_word' id='word_1_180' title='bbox 1187 1607 1379 1656; x_wconf 87' lang='lat' dir='ltr'>(Oncken,</span> <span class='ocrx_word' id='word_1_181' title='bbox 1412 1608 1538 1647; x_wconf 80' lang='lat' dir='ltr'>Athen</span> <span class='ocrx_word' id='word_1_182' title='bbox 1569 1608 1644 1647; x_wconf 88' lang='lat' dir='ltr'>und</span> <span class='ocrx_word' id='word_1_183' title='bbox 1666 1607 1797 1647; x_wconf 88' lang='lat' dir='ltr'>Hellas</span> 
     </span>
     <span class='ocr_line' id='line_1_21' title="bbox 307 1678 1798 1734; baseline -0.002 -11"><span class='ocrx_word' id='word_1_184' title='bbox 307 1687 343 1732; x_wconf 71' lang='lat'>2,</span> <span class='ocrx_word' id='word_1_185' title='bbox 367 1685 466 1722; x_wconf 86' lang='lat'>307:</span> <span class='ocrx_word' id='word_1_186' title='bbox 502 1683 621 1722; x_wconf 86' lang='lat' dir='ltr'>Kleon</span> <span class='ocrx_word' id='word_1_187' title='bbox 651 1683 704 1721; x_wconf 88' lang='lat' dir='ltr'>ist</span> <span class='ocrx_word' id='word_1_188' title='bbox 733 1683 832 1721; x_wconf 87' lang='lat' dir='ltr'>ohne</span> <span class='ocrx_word' id='word_1_189' title='bbox 862 1681 967 1730; x_wconf 82' lang='lat' dir='ltr'>Amt,</span> <span class='ocrx_word' id='word_1_190' title='bbox 1000 1694 1072 1720; x_wconf 87' lang='lat' dir='ltr'>nur</span> <span class='ocrx_word' id='word_1_191' title='bbox 1103 1680 1291 1732; x_wconf 87' lang='lat' dir='ltr'>Sprecher</span> <span class='ocrx_word' id='word_1_192' title='bbox 1321 1682 1389 1721; x_wconf 85' lang='lat' dir='ltr'>der</span> <span class='ocrx_word' id='word_1_193' title='bbox 1419 1678 1680 1734; x_wconf 84' lang='lat' dir='ltr'>Opposition),</span> <span class='ocrx_word' id='word_1_194' title='bbox 1719 1694 1798 1720; x_wconf 91' lang='lat' dir='ltr'>om-</span> 
     </span>
     <span class='ocr_line' id='line_1_22' title="bbox 306 1754 1795 1809; baseline -0.002 -12"><span class='ocrx_word' id='word_1_195' title='bbox 306 1759 457 1809; x_wconf 78' lang='lat' dir='ltr'>niaque,</span> <span class='ocrx_word' id='word_1_196' title='bbox 498 1770 595 1808; x_wconf 88' lang='lat' dir='ltr'>quae</span> <span class='ocrx_word' id='word_1_197' title='bbox 632 1757 678 1794; x_wconf 85' lang='lat' dir='ltr'>de</span> <span class='ocrx_word' id='word_1_198' title='bbox 715 1757 787 1794; x_wconf 76' lang='lat' dir='ltr'>liae</span> <span class='ocrx_word' id='word_1_199' title='bbox 821 1769 863 1794; x_wconf 89' lang='lat' dir='ltr'>re</span> <span class='ocrx_word' id='word_1_200' title='bbox 893 1755 1146 1802; x_wconf 82' lang='lat' dir='ltr'>traderentur,</span> <span class='ocrx_word' id='word_1_201' title='bbox 1183 1754 1278 1794; x_wconf 87' lang='lat' dir='ltr'>falso</span> <span class='ocrx_word' id='word_1_202' title='bbox 1316 1756 1491 1795; x_wconf 88' lang='lat' dir='ltr'>concludi</span> <span class='ocrx_word' id='word_1_203' title='bbox 1529 1769 1574 1795; x_wconf 83' lang='lat' dir='ltr'>ex</span> <span class='ocrx_word' id='word_1_204' title='bbox 1604 1754 1703 1806; x_wconf 83' lang='lat' dir='ltr'>Equ.</span> <span class='ocrx_word' id='word_1_205' title='bbox 1736 1768 1795 1794; x_wconf 78' lang='lat' dir='ltr'>vV.</span> 
     </span>
     <span class='ocr_line' id='line_1_23' title="bbox 308 1829 1795 1882; baseline -0.002 -13"><span class='ocrx_word' id='word_1_206' title='bbox 308 1835 386 1871; x_wconf 72' lang='lat'>947</span> <span class='ocrx_word' id='word_1_207' title='bbox 409 1844 507 1882; x_wconf 88' lang='lat' dir='ltr'>sqq.,</span> <span class='ocrx_word' id='word_1_208' title='bbox 540 1844 615 1870; x_wconf 92' lang='lat' dir='ltr'>non</span> <span class='ocrx_word' id='word_1_209' title='bbox 645 1834 789 1869; x_wconf 86' lang='lat' dir='ltr'>rectum</span> <span class='ocrx_word' id='word_1_210' title='bbox 824 1842 907 1868; x_wconf 89' lang='lat' dir='ltr'>esse</span> <span class='ocrx_word' id='word_1_211' title='bbox 928 1830 1024 1869; x_wconf 84' lang='lat' dir='ltr'>mihi</span> <span class='ocrx_word' id='word_1_212' title='bbox 1044 1830 1205 1879; x_wconf 84' lang='lat' dir='ltr'>videtur,</span> <span class='ocrx_word' id='word_1_213' title='bbox 1238 1842 1403 1881; x_wconf 87' lang='lat' dir='ltr'>namque</span> <span class='ocrx_word' id='word_1_214' title='bbox 1433 1830 1465 1869; x_wconf 89' lang='lat' dir='ltr'>si</span> <span class='ocrx_word' id='word_1_215' title='bbox 1485 1830 1558 1868; x_wconf 82' lang='lat' dir='ltr'>hoe</span> <span class='ocrx_word' id='word_1_216' title='bbox 1580 1829 1795 1877; x_wconf 82' lang='lat' dir='ltr'>statuimus,</span> 
     </span>
     <span class='ocr_line' id='line_1_24' title="bbox 308 1902 1795 1956; baseline -0.002 -12"><span class='ocrx_word' id='word_1_217' title='bbox 308 1906 423 1944; x_wconf 82' lang='lat' dir='ltr'>verba</span> <span class='ocrx_word' id='word_1_218' title='bbox 452 1905 518 1944; x_wconf 88' lang='lat' dir='ltr'>illa</span> <span class='ocrx_word' id='word_1_219' title='bbox 550 1905 817 1956; x_wconf 83' lang='lat' dir='ltr'>Aristophanis</span> <span class='ocrx_word' id='word_1_220' title='bbox 847 1905 952 1942; x_wconf 89' lang='lat' dir='ltr'>omni</span> <span class='ocrx_word' id='word_1_221' title='bbox 983 1917 1096 1943; x_wconf 89' lang='lat' dir='ltr'>sensu</span> <span class='ocrx_word' id='word_1_222' title='bbox 1129 1908 1242 1955; x_wconf 81' lang='lat' dir='ltr'>atque</span> <span class='ocrx_word' id='word_1_223' title='bbox 1274 1904 1403 1955; x_wconf 90' lang='lat' dir='ltr'>lepore</span> <span class='ocrx_word' id='word_1_224' title='bbox 1434 1908 1577 1953; x_wconf 83' lang='lat' dir='ltr'>carent,</span> <span class='ocrx_word' id='word_1_225' title='bbox 1610 1907 1725 1954; x_wconf 87' lang='lat' dir='ltr'>atque</span> <span class='ocrx_word' id='word_1_226' title='bbox 1757 1902 1795 1941; x_wconf 90' lang='lat' dir='ltr'>iu</span> 
     </span>
     <span class='ocr_line' id='line_1_25' title="bbox 307 1977 1796 2030; baseline -0.001 -12"><span class='ocrx_word' id='word_1_227' title='bbox 307 1980 506 2018; x_wconf 84' lang='lat' dir='ltr'>narrandis</span> <span class='ocrx_word' id='word_1_228' title='bbox 551 1980 736 2019; x_wconf 87' lang='lat' dir='ltr'>eiusmodi</span> <span class='ocrx_word' id='word_1_229' title='bbox 781 1979 908 2027; x_wconf 86' lang='lat' dir='ltr'>rebus,</span> <span class='ocrx_word' id='word_1_230' title='bbox 955 1979 1094 2030; x_wconf 88' lang='lat' dir='ltr'>quibus</span> <span class='ocrx_word' id='word_1_231' title='bbox 1136 1979 1182 2017; x_wconf 91' lang='lat' dir='ltr'>de</span> <span class='ocrx_word' id='word_1_232' title='bbox 1220 1978 1374 2017; x_wconf 89' lang='lat' dir='ltr'>inimico</span> <span class='ocrx_word' id='word_1_233' title='bbox 1411 1979 1571 2017; x_wconf 84' lang='lat' dir='ltr'>honesta</span> <span class='ocrx_word' id='word_1_234' title='bbox 1607 1977 1796 2026; x_wconf 83' lang='lat' dir='ltr'>dicantur,</span> 
     </span>
     <span class='ocr_line' id='line_1_26' title="bbox 308 2051 1795 2105; baseline -0.003 -12"><span class='ocrx_word' id='word_1_235' title='bbox 308 2067 460 2104; x_wconf 89' lang='lat' dir='ltr'>semper</span> <span class='ocrx_word' id='word_1_236' title='bbox 480 2058 614 2105; x_wconf 88' lang='lat' dir='ltr'>poetae</span> <span class='ocrx_word' id='word_1_237' title='bbox 634 2053 748 2092; x_wconf 91' lang='lat' dir='ltr'>fidem</span> <span class='ocrx_word' id='word_1_238' title='bbox 770 2052 987 2092; x_wconf 85' lang='lat' dir='ltr'>habendam</span> <span class='ocrx_word' id='word_1_239' title='bbox 1009 2065 1094 2091; x_wconf 88' lang='lat' dir='ltr'>esse</span> <span class='ocrx_word' id='word_1_240' title='bbox 1116 2065 1233 2104; x_wconf 89' lang='lat' dir='ltr'>supra</span> <span class='ocrx_word' id='word_1_241' title='bbox 1253 2053 1430 2092; x_wconf 87' lang='lat' dir='ltr'>vidimus.</span> <span class='ocrx_word' id='word_1_242' title='bbox 1473 2052 1600 2101; x_wconf 78' lang='lat' dir='ltr'>Quare</span> <span class='ocrx_word' id='word_1_243' title='bbox 1621 2051 1795 2102; x_wconf 89' lang='lat' dir='ltr'>equidem</span> 
     </span>
     <span class='ocr_line' id='line_1_27' title="bbox 309 2125 1796 2178; baseline -0.003 -10"><span class='ocrx_word' id='word_1_244' title='bbox 309 2130 533 2168; x_wconf 87' lang='lat' dir='ltr'>sententiam</span> <span class='ocrx_word' id='word_1_245' title='bbox 566 2127 672 2167; x_wconf 86' lang='lat' dir='ltr'>illam</span> <span class='ocrx_word' id='word_1_246' title='bbox 703 2140 853 2178; x_wconf 89' lang='lat' dir='ltr'>sequor,</span> <span class='ocrx_word' id='word_1_247' title='bbox 887 2139 1002 2178; x_wconf 88' lang='lat' dir='ltr'>quam</span> <span class='ocrx_word' id='word_1_248' title='bbox 1026 2128 1225 2177; x_wconf 86' lang='lat' dir='ltr'>proposuit</span> <span class='ocrx_word' id='word_1_249' title='bbox 1244 2127 1430 2178; x_wconf 84' lang='lat' dir='ltr'>Droysen,</span> <span class='ocrx_word' id='word_1_250' title='bbox 1463 2130 1576 2177; x_wconf 86' lang='lat' dir='ltr'>atque</span> <span class='ocrx_word' id='word_1_251' title='bbox 1606 2125 1796 2174; x_wconf 85' lang='lat' dir='ltr'>existimo,</span> 
     </span>
     <span class='ocr_line' id='line_1_28' title="bbox 309 2199 1799 2252; baseline -0.004 -9"><span class='ocrx_word' id='word_1_252' title='bbox 309 2204 487 2244; x_wconf 87' lang='lat' dir='ltr'>Cleonem</span> <span class='ocrx_word' id='word_1_253' title='bbox 518 2203 608 2242; x_wconf 89' lang='lat' dir='ltr'>inde</span> <span class='ocrx_word' id='word_1_254' title='bbox 638 2202 687 2241; x_wconf 87' lang='lat' dir='ltr'>ab</span> <span class='ocrx_word' id='word_1_255' title='bbox 709 2215 810 2240; x_wconf 86' lang='lat' dir='ltr'>anno</span> <span class='ocrx_word' id='word_1_256' title='bbox 833 2204 913 2240; x_wconf 77' lang='lat'>426</span> <span class='ocrx_word' id='word_1_257' title='bbox 945 2201 1179 2252; x_wconf 85' lang='lat' dir='ltr'>praefectum</span> <span class='ocrx_word' id='word_1_258' title='bbox 1201 2202 1335 2240; x_wconf 86' lang='lat' dir='ltr'>aerarii</span> <span class='ocrx_word' id='word_1_259' title='bbox 1360 2201 1490 2246; x_wconf 82' lang='lat' dir='ltr'>fuisse,</span> <span class='ocrx_word' id='word_1_260' title='bbox 1523 2199 1799 2250; x_wconf 88' lang='lat' dir='ltr'>comprobante</span> 
     </span>
     <span class='ocr_line' id='line_1_29' title="bbox 309 2271 1800 2328; baseline -0.003 -12"><span class='ocrx_word' id='word_1_261' title='bbox 309 2278 382 2317; x_wconf 80' lang='lat' dir='ltr'>alio</span> <span class='ocrx_word' id='word_1_262' title='bbox 414 2278 494 2316; x_wconf 86' lang='lat' dir='ltr'>loco</span> <span class='ocrx_word' id='word_1_263' title='bbox 525 2276 793 2328; x_wconf 85' lang='lat' dir='ltr'>Aristophanis</span> <span class='ocrx_word' id='word_1_264' title='bbox 825 2274 935 2326; x_wconf 81' lang='lat' dir='ltr'>(Rau.</span> <span class='ocrx_word' id='word_1_265' title='bbox 974 2271 1087 2328; x_wconf 79' lang='lat'>570),</span> <span class='ocrx_word' id='word_1_266' title='bbox 1127 2276 1189 2314; x_wconf 91' lang='lat' dir='ltr'>ubi</span> <span class='ocrx_word' id='word_1_267' title='bbox 1221 2275 1267 2314; x_wconf 90' lang='lat' dir='ltr'>de</span> <span class='ocrx_word' id='word_1_268' title='bbox 1298 2275 1440 2315; x_wconf 84' lang='lat' dir='ltr'>Cleone</span> <span class='ocrx_word' id='word_1_269' title='bbox 1470 2273 1614 2312; x_wconf 88' lang='lat' dir='ltr'>dudum</span> <span class='ocrx_word' id='word_1_270' title='bbox 1650 2276 1800 2312; x_wconf 90' lang='lat' dir='ltr'>mortuo</span> 
     </span>
     <span class='ocr_line' id='line_1_30' title="bbox 311 2340 1800 2400; baseline -0.004 -10"><span class='ocrx_word' id='word_1_271' title='bbox 311 2354 346 2390; x_wconf 84' lang='lat' dir='ltr'>in</span> <span class='ocrx_word' id='word_1_272' title='bbox 370 2352 529 2390; x_wconf 81' lang='lat' dir='ltr'>Tartaro</span> <span class='ocrx_word' id='word_1_273' title='bbox 559 2352 652 2390; x_wconf 85' lang='lat' dir='ltr'>haec</span> <span class='ocrx_word' id='word_1_274' title='bbox 682 2351 784 2390; x_wconf 81' lang='lat' dir='ltr'>dicta</span> <span class='ocrx_word' id='word_1_275' title='bbox 811 2351 1076 2389; x_wconf 86' lang='lat' dir='ltr'>inveniuntur:</span> <span class='ocrx_word' id='word_1_276' title='bbox 1109 2346 1165 2387; x_wconf 65' lang='grc' dir='ltr'>ἴθι</span> <span class='ocrx_word' id='word_1_277' title='bbox 1196 2340 1245 2391; x_wconf 64' lang='grc' dir='ltr'>δὴ</span> <span class='ocrx_word' id='word_1_278' title='bbox 1274 2348 1444 2386; x_wconf 73' lang='grc' dir='ltr'>κάλεσον</span> <span class='ocrx_word' id='word_1_279' title='bbox 1474 2344 1543 2385; x_wconf 76' lang='grc' dir='ltr'>τὸν</span> <span class='ocrx_word' id='word_1_280' title='bbox 1574 2343 1800 2400; x_wconf 77' lang='grc' dir='ltr'>προστάτην</span> 
     </span>
     <span class='ocr_line' id='line_1_31' title="bbox 313 2423 1362 2481; baseline -0.002 -17"><span class='ocrx_word' id='word_1_281' title='bbox 313 2423 483 2464; x_wconf 69' lang='grc' dir='ltr'>Κλέωνά.</span> <span class='ocrx_word' id='word_1_282' title='bbox 514 2439 591 2481; x_wconf 73' lang='grc' dir='ltr'>μοι.</span> <span class='ocrx_word' id='word_1_283' title='bbox 654 2425 763 2464; x_wconf 88' lang='lat' dir='ltr'>Adde</span> <span class='ocrx_word' id='word_1_284' title='bbox 795 2425 895 2476; x_wconf 90' lang='lat' dir='ltr'>quod</span> <span class='ocrx_word' id='word_1_285' title='bbox 926 2437 970 2463; x_wconf 89' lang='lat' dir='ltr'>ex</span> <span class='ocrx_word' id='word_1_286' title='bbox 1002 2424 1111 2474; x_wconf 87' lang='lat' dir='ltr'>Vesp.</span> <span class='ocrx_word' id='word_1_287' title='bbox 1148 2424 1226 2462; x_wconf 68' lang='lat'>⁴242</span> <span class='ocrx_word' id='word_1_288' title='bbox 1260 2435 1362 2474; x_wconf 89' lang='lat' dir='ltr'>sqq.:</span> 
     </span>
     <span class='ocr_line' id='line_1_32' title="bbox 514 2487 1597 2555; baseline -0.004 -18"><span class='ocrx_word' id='word_1_289' title='bbox 514 2497 606 2555; x_wconf 75' lang='grc' dir='ltr'>χθὲς</span> <span class='ocrx_word' id='word_1_290' title='bbox 638 2492 703 2537; x_wconf 73' lang='grc' dir='ltr'>οὖν</span> <span class='ocrx_word' id='word_1_291' title='bbox 736 2495 875 2537; x_wconf 71' lang='grc' dir='ltr'>Κλέων</span> <span class='ocrx_word' id='word_1_292' title='bbox 907 2498 927 2536; x_wconf 82' lang='grc' dir='ltr'>ὁ</span> <span class='ocrx_word' id='word_1_293' title='bbox 959 2487 1144 2550; x_wconf 75' lang='grc' dir='ltr'>κηδεμὼν</span> <span class='ocrx_word' id='word_1_294' title='bbox 1175 2497 1266 2551; x_wconf 74' lang='grc' dir='ltr'>ἡμῖν</span> <span class='ocrx_word' id='word_1_295' title='bbox 1297 2492 1418 2550; x_wconf 69' lang='grc' dir='ltr'>ἐφεῖτ’</span> <span class='ocrx_word' id='word_1_296' title='bbox 1445 2494 1483 2534; x_wconf 82' lang='grc' dir='ltr'>ὲν</span> <span class='ocrx_word' id='word_1_297' title='bbox 1514 2492 1597 2546; x_wconf 78' lang='grc' dir='ltr'>ὥρᾳ</span> 
     </span>
     <span class='ocr_line' id='line_1_33' title="bbox 515 2567 1506 2628; baseline -0.005 -16"><span class='ocrx_word' id='word_1_298' title='bbox 515 2572 624 2618; x_wconf 73' lang='grc' dir='ltr'>ἥκειν</span> <span class='ocrx_word' id='word_1_299' title='bbox 658 2575 819 2628; x_wconf 75' lang='grc' dir='ltr'>ἔχοντας</span> <span class='ocrx_word' id='word_1_300' title='bbox 850 2573 1005 2627; x_wconf 71' lang='grc' dir='ltr'>’ἡμερῶν</span> <span class='ocrx_word' id='word_1_301' title='bbox 1037 2568 1156 2626; x_wconf 70' lang='grc' dir='ltr'>ὀργὴν</span> <span class='ocrx_word' id='word_1_302' title='bbox 1186 2574 1303 2622; x_wconf 81' lang='grc' dir='ltr'>τριῶν</span> <span class='ocrx_word' id='word_1_303' title='bbox 1333 2567 1506 2624; x_wconf 66' lang='grc' dir='ltr'>πονηρὰν</span> 
     </span>
    </p>
   </div>
   <div class='ocr_carea' id='block_1_3' title="bbox 516 2634 1410 2700">
    <p class='ocr_par' dir='ltr' id='par_1_3' title="bbox 516 2634 1410 2700">
     <span class='ocr_line' id='line_1_34' title="bbox 516 2634 1410 2700; baseline -0.006 -14"><span class='ocrx_word' id='word_1_304' title='bbox 516 2644 573 2687; x_wconf 79' lang='grc' dir='ltr'>ἐπ’</span> <span class='ocrx_word' id='word_1_305' title='bbox 605 2645 736 2694; x_wconf 71' lang='grc' dir='ltr'>αὐτόν,</span> <span class='ocrx_word' id='word_1_306' title='bbox 769 2648 820 2692; x_wconf 82' lang='grc' dir='ltr'>ὡς</span> <span class='ocrx_word' id='word_1_307' title='bbox 850 2642 1100 2700; x_wconf 82' lang='grc' dir='ltr'>κολωμένους</span> <span class='ocrx_word' id='word_1_308' title='bbox 1131 2637 1184 2682; x_wconf 81' lang='grc' dir='ltr'>ὧν</span> <span class='ocrx_word' id='word_1_309' title='bbox 1213 2634 1410 2687; x_wconf 66' lang='grc' dir='ltr'>ἠδίκησεν.</span> 
     </span>
    </p>
   </div>
  </div>
 </body>
</html>
