1956 3227
926 187 1176 227 -2-

312 312 426 357 gestis
457 315 493 349 et
524 312 693 350 moribus
731 311 910 350 traditum
951 313 1018 360 sit,
1059 313 1276 363 singillatim
1316 315 1548 364 examinare,
1585 321 1625 355 ut
1667 318 1788 368 qualis

310 384 372 422 ille
402 385 514 422 fuerit
544 385 700 423 eluceat.
753 384 836 433 Qua
866 386 905 422 in
928 398 966 423 re
989 388 1198 425 cavendum
1221 396 1290 435 est,
1323 401 1370 426 ne
1399 389 1497 426 sicut
1517 389 1788 430 obtrectatores

310 458 389 495 eius
420 459 615 506 faciaums,
647 459 712 507 qui
743 459 926 509 quidquid
959 461 992 497 ei
1023 460 1119 498 bene
1150 461 1321 510 profecit,
1355 474 1444 500 casu
1472 463 1655 510 evenisse,
1687 465 1787 514 quod

310 530 421 578 male,
454 531 543 568 vitio
575 532 608 569 ei
640 532 859 570 vertendum
892 545 973 570 esse
1005 534 1234 571 existimant.

392 606 516 655 Atque
553 617 636 642 cum
675 607 712 643 in
752 618 909 643 numero
949 619 1096 654 eorum,
1135 608 1196 656 qui
1229 607 1274 644 de
1305 608 1448 647 Cleone
1481 610 1685 648 memoriae
1715 614 1787 650 tra-

307 677 499 725 diderunt,
545 679 759 727 gravissimi
805 685 977 717 auctores
1022 680 1098 717 sint
1136 681 1411 730 Aristophanes
1455 686 1492 720 et
1532 683 1786 734 Thucydides,

305 752 468 800 primum
501 751 708 799 videamus,
742 752 864 802 qualis
897 754 945 790 sit
975 753 1093 792 Cleon
1123 753 1451 803 Aristophanicus,
1491 759 1604 807 atque
1634 757 1704 796 hoc
1734 758 1788 796 ita

304 825 566 870 instituamus,
607 830 647 863 ut
683 826 728 863 de
766 826 925 875 singulis
961 826 1072 875 locis,
1112 828 1175 877 qui
1212 828 1250 864 in
1282 828 1551 878 Aristophanis
1582 831 1785 869 comoediis

304 898 351 936 ad
373 898 549 938 Cleonem
581 903 763 949 spectent,
796 900 1028 938 disseramus
1060 904 1096 937 et
1126 901 1387 948 diiudicemus,
1422 902 1512 952 quid
1544 903 1583 940 in
1614 904 1659 942 iis
1693 906 1783 953 veri,

302 973 390 1022 quid
423 972 507 1010 salsi
541 973 642 1021 insit,
683 978 762 1011 tum
795 973 1081 1023 pei-lustremus,
1122 974 1212 1024 quid
1244 987 1266 1012 a
1297 974 1518 1026 Thucydide
1548 979 1662 1027 atque
1693 977 1783 1017 alibi

301 1047 483 1084 traditum
515 1048 575 1095 sit,
612 1051 653 1085 ut
683 1052 867 1098 quatenus
899 1050 1027 1085 nostro
1057 1051 1228 1097 tempore
1260 1048 1341 1086 fieri
1369 1053 1509 1099 potest,
1539 1063 1669 1088 verum
1700 1050 1783 1090 Cle-

301 1133 411 1158 onem
443 1133 728 1170 cognoscamus.

384 1194 526 1244 Incipio
557 1195 670 1244 igitur
701 1195 747 1233 ab
769 1194 1035 1245 Aristophane.
1089 1195 1206 1233 Cuius
1236 1196 1462 1234 testimoniis
1483 1202 1667 1247 quantum
1697 1199 1785 1237 fidei

299 1272 336 1306 et
366 1269 601 1306 auctoritatis
632 1269 875 1306 tribuendum
908 1271 957 1308 sit
994 1273 1037 1307 ut
1068 1273 1338 1318 cognoscatur,
1378 1282 1532 1309 necesse
1570 1275 1627 1310 est
1656 1272 1783 1322 paullo

296 1342 447 1391 longius
479 1343 524 1380 de
557 1343 771 1381 comoediae
805 1344 998 1394 antiquae,
1038 1344 1259 1394 praesertim
1289 1343 1618 1394 Aristophanicae,
1656 1346 1782 1384 indole

297 1429 339 1455 ac
369 1417 517 1454 ratione
548 1417 748 1455 disserere.
806 1416 887 1464 Qua
920 1418 957 1454 in
990 1429 1029 1454 re
1060 1417 1197 1455 mirum
1229 1422 1412 1468 quantum
1443 1419 1543 1457 inter
1573 1432 1613 1458 se
1643 1419 1783 1458 discre-

297 1494 388 1541 pant
418 1491 629 1528 sententiae
660 1491 858 1529 doctorum
891 1491 1058 1528 virorum
1091 1503 1176 1528 cum
1199 1496 1367 1529 veterum
1400 1495 1479 1530 tum
1512 1494 1632 1532 multo
1663 1495 1782 1543 magis

295 1567 448 1603 nostrae
480 1566 627 1603 aetatis.
688 1564 813 1615 Atque
853 1565 944 1615 quid
975 1565 1048 1602 sibi
1087 1564 1176 1603 velit
1207 1566 1414 1615 comoedia,
1453 1567 1594 1617 optime
1625 1571 1783 1618 apparet

295 1651 338 1676 ex
371 1634 635 1689 Aristotele4).
713 1670 720 1678 .
752 1670 759 1677 .
793 1670 799 1676 .
833 1669 839 1676 .
879 1635 1003 1684 οὕτως
1040 1636 1106 1675 καὶ
1143 1636 1195 1675 τὰ
1236 1642 1305 1683 τῆς
1342 1631 1555 1694 κωμῳδίας
1593 1638 1780 1695 σχήματα

293 1715 444 1766 πρῶτος
474 1703 673 1756 ὑπέδειξεν
703 1705 931 1766 (Όμηρος),
964 1712 1007 1749 οὐ
1038 1706 1162 1767 ψόγον
1192 1709 1296 1749 ἀλλα
1325 1711 1371 1750 τὸ
1399 1713 1554 1768 γελοῖον
1583 1705 1780 1769 δραματο-

292 1783 458 1830 ποιῆσας
488 1808 540 1812 ——
573 1783 672 1836 et5):
723 1786 747 1828 τ’)
785 1776 828 1822 δὲ
866 1777 1057 1840 κωμῳδία
1097 1784 1204 1823 ἐστὶν
1330 1784 1490 1840 μίμησις
1527 1785 1778 1842 φαυλοτέρων

293 1857 376 1913 μέν,
417 1859 461 1896 οὐ
498 1857 631 1913 μέντοι
670 1856 774 1896 κατα
812 1863 942 1896 πᾶσαν
981 1858 1136 1906 κακίαν,
1179 1857 1285 1897 ἀλλα
1315 1864 1388 1898 τοῦ
1429 1861 1588 1915 αἰσχροῦ
1621 1859 1702 1898 ἐστι
1733 1859 1779 1899 τὸ

291 1933 447 1989 γελοῖον
494 1931 646 1987 μὸριον,
691 1945 856 1983 quocum
905 1934 1092 1972 consentit
1135 1934 1304 1972 definitio
1350 1947 1394 1972 ex
1438 1935 1567 1973 codice
1612 1935 1776 1985 quodam

292 2008 449 2058 antiquo
481 2011 650 2057 sumpta:
693 1998 889 2061 κωμῳδία
921 2006 1002 2045 ἐστὶ
1034 2005 1192 2062 μίμησις
1221 2000 1399 2060 πράξεως
1428 2006 1588 2064 γελοίου
1612 2037 1620 2046 .
1644 2038 1652 2046 .
1678 2040 1685 2047 .
1709 2007 1777 2046 καὶ

292 2072 340 2118 δι’
381 2079 642 2137 ἀπαγγελίας,
691 2071 739 2118 δι’
783 2071 925 2126 ἡδονῆς
970 2079 1036 2118 καὶ
1081 2078 1256 2137 γέλωτος
1300 2079 1535 2135 περαίνουσα
1579 2084 1652 2125 τῆν
1696 2086 1777 2120 τῶν

289 2152 478 2192 τοιούτων
515 2151 768 2208 παθημάτων
809 2151 999 2209 κάθαρσιν
1029 2169 1036 2176 ·
1069 2156 1148 2210 ἔχει
1190 2146 1232 2193 δὲ
1271 2157 1424 2207 μητέρα
1457 2153 1527 2193 τόν
1557 2152 1775 2211 γέλωτα.6)

291 2229 398 2267 Adde
431 2230 542 2267 etiarn
575 2229 677 2279 quod
705 2228 845 2278 legitur
869 2230 906 2267 in
938 2230 1015 2267 vita
1047 2226 1377 2279 Aristophanis⁷):
1411 2228 1534 2266 αἴτιον
1555 2226 1630 2284 γὰρ
1663 2241 1772 2283 κωμ-

288 2293 408 2353 ῳδίας
437 2300 483 2339 τὸ
506 2300 701 2340 σκώπτειν
730 2300 849 2348 τινάς,
881 2306 993 2354 atque
1024 2303 1125 2352 apud
1148 2298 1370 2341 Ciceronem
1401 2302 1463 2351 (de
1487 2315 1565 2353 rep.
1588 2301 1652 2351 IV,
1690 2300 1769 2353 ll),

288 2378 352 2427 qui
383 2377 617 2415 comoediam
657 2377 907 2415 imitationem
940 2377 1057 2421 vitae,
1100 2375 1293 2427 speculum
1335 2375 1638 2424 consuetudinis,
1676 2377 1771 2415 ima-

287 2452 413 2500 ginem
454 2451 621 2489 veritatis
660 2451 842 2489 nominat.
874 2472 926 2476 —
966 2449 1058 2488 Erat
1091 2450 1207 2500 igitur
1243 2450 1438 2499 proprium
1477 2450 1694 2489 comoediae
1730 2449 1772 2488 il-

354 2584 382 2626 4)
408 2588 489 2617 Poet.
508 2597 554 2625 cp.
573 2587 621 2618 IV.
648 2597 698 2625 pg.
721 2587 804 2616 1448
813 2587 842 2621 b,
869 2588 910 2616 3ss
936 2595 1014 2625 sqq„
1040 2586 1077 2616 cf.
1096 2587 1191 2616 Bentl.
1212 2595 1315 2625 opusc.
1334 2586 1407 2625 phil.
1426 2595 1475 2625 pg.
1493 2587 1568 2617 265.

354 2641 380 2682 5)
406 2654 453 2682 cp.
474 2645 507 2676 V,
533 2653 582 2681 pg.
604 2644 687 2672 1449
698 2653 722 2673 a.
751 2645 789 2672 31
818 2652 884 2682 sqq.

353 2698 381 2736 G)
408 2702 444 2730 cf.
465 2701 582 2730 Cramer
606 2701 718 2729 Anecd.
738 2701 829 2730 Paris.
856 2701 876 2732 Ι,
903 2701 985 2737 4Ο3;
1011 2700 1147 2730 Meineke
1167 2701 1276 2738 Frgmt.
1296 2701 1398 2731 comic.
1418 2700 1522 2730 Graec.
1548 2700 1585 2736 II,
1612 2701 1641 2736 2,
1670 2701 1757 2731 1254

354 2754 381 2796 7)
409 2759 441 2786 lu
466 2759 594 2787 editione
621 2757 757 2786 Meiuekii
785 2757 805 2791 Ι,
833 2767 879 2795 pg.
900 2758 949 2787 Xb
975 2758 1026 2787 liu.
1046 2759 1074 2788 9.
