1989 3216
890 222 1165 263 -22-

294 348 359 386 ubi
397 348 512 387 verba
547 345 594 385 ἵν’
626 344 745 386 αὐτὸν
777 343 1038 403 ἐπιτρίψωμεν
1075 348 1259 387 trahenda
1293 351 1382 387 sunt
1418 348 1465 387 ad
1496 348 1698 398 Cleonem,
1738 350 1775 388 si

296 434 446 460 versum
477 422 605 461 illum:

526 493 569 533 σὺ
605 485 638 532 δ’
661 495 787 549 ἔμοιγ’
810 490 947 548 ἐάνπερ
981 493 1165 548 ἐπιτύχῃς
1196 490 1434 550 Ὑπέρβολον

295 569 467 619 spurium
503 569 741 608 declaramus
786 581 869 606 cum
912 567 1101 607 Meinekio
1142 573 1345 619 praeeunte
1380 568 1614 618 Hamaker03
1661 572 1774 621 atque

296 656 354 682 vv.
378 645 455 682 577
488 655 563 693 sq.:

499 714 588 752 ἀλλ’
612 710 687 769 εἶμ’
711 713 773 753 ἐπὶ
803 712 872 752 τὸν
903 711 1071 763 Κλέων’,
1104 711 1143 760 ὃς
1174 715 1295 753 αὐτοῦ
1325 712 1496 770 τήμερον

500 787 740 831 ἐκπηνιεῖται
770 792 900 826 ταῦτα
929 784 1332 841 προςκαλούμ.ενος.29)

384 861 459 901 Sed
490 863 581 901 satis
612 862 730 900 multa
761 862 808 900 de
839 862 911 901 hac
941 875 981 901 re
1012 862 1188 900 attulisse
1218 862 1312 900 mihi
1336 863 1478 902 videor.
1529 863 1672 903 Omitto
1702 863 1778 903 alia

299 936 499 987 permulta,
530 948 625 987 quae
646 937 685 973 in
707 935 974 986 Aristophanis
1005 935 1209 974 comoediis
1237 936 1368 975 insunt
1387 936 1433 975 de
1455 936 1608 987 Cleone,
1640 937 1778 988 quibus

299 1011 388 1049 novi
433 1009 526 1048 nihil
571 1009 761 1048 afferatur.
837 1011 962 1060 Atque
1007 1022 1090 1048 cum
1132 1010 1170 1048 in
1217 1010 1436 1048 universum
1479 1022 1611 1049 omnes
1646 1014 1780 1062 poetae

301 1083 517 1122 comoedias
553 1083 933 1134 perlustraverimus,
972 1083 1153 1131 vidimus,
1197 1082 1316 1121 multa
1351 1083 1391 1121 in
1431 1083 1478 1122 iis
1515 1083 1640 1123 inesse
1677 1098 1779 1135 vera,

301 1157 410 1208 plura
437 1157 563 1206 etiam,
596 1157 733 1207 quibus
762 1157 857 1195 fides
887 1156 991 1196 nulla
1019 1157 1151 1196 haberi
1182 1157 1313 1207 possit.
1363 1156 1489 1208 Atque
1518 1157 1640 1210 qualis
1669 1158 1783 1198 fuerit

302 1230 570 1281 Aristophanis
600 1230 646 1268 de
677 1230 815 1269 Cleone
853 1231 1062 1279 sententia,
1101 1230 1213 1281 plane
1250 1230 1482 1280 intellegitur
1518 1245 1564 1271 ex
1599 1232 1645 1271 iis
1674 1232 1780 1281 locis,

301 1318 396 1356 quos
433 1304 642 1344 attulimus.
704 1304 782 1343 Nec
819 1305 902 1343 viro
940 1317 1010 1343 nec
1047 1308 1196 1343 mortuo
1234 1304 1413 1355 pepercit.
1478 1304 1659 1356 Depingit
1695 1319 1781 1345 eum

303 1383 344 1418 ut
373 1379 494 1417 virum
525 1378 701 1417 omnibus
730 1378 884 1428 flagitiis
915 1378 1096 1427 deditum,
1128 1379 1192 1429 qui
1223 1377 1430 1417 calliditate
1459 1391 1503 1418 ac
1524 1392 1671 1418 morum
1702 1393 1783 1431 per-

303 1454 483 1499 versitate
510 1452 713 1503 plurimum
734 1452 834 1502 apud
855 1452 958 1491 cives
981 1452 1155 1502 valuerit,
1187 1453 1252 1503 qui
1273 1452 1541 1492 vociferatione
1562 1456 1600 1492 et
1620 1453 1784 1493 clamore

304 1540 394 1566 usus
426 1527 616 1565 neminem
646 1539 723 1564 non
745 1539 946 1576 aggressus
978 1527 1027 1565 sit
1057 1526 1162 1565 falsis
1184 1530 1222 1565 et
1243 1527 1420 1577 turpibus
1441 1527 1783 1576 criminationibus,

304 1601 365 1640 cui
396 1601 522 1639 omnia
552 1600 702 1639 venalia
731 1600 890 1649 fuerint,
931 1600 1094 1651 denique
1133 1600 1197 1651 qui
1232 1601 1341 1651 quasi
1380 1601 1496 1651 pestis
1525 1601 1639 1641 fuerit
1669 1602 1784 1641 totius

305 1675 483 1714 civitatis.

391 1748 538 1796 Quibus
569 1749 748 1798 expositis
779 1748 826 1786 de
848 1747 988 1787 Cleone
1009 1747 1304 1798 Aristophanico
1336 1749 1602 1799 perveniamus
1631 1750 1706 1788 iam
1737 1749 1783 1788 ad

306 1821 462 1861 alteram
494 1821 771 1860 dissertationis
803 1824 951 1871 partem
981 1825 1019 1860 et
1049 1821 1264 1870 videamus,
1303 1821 1426 1873 qualis
1457 1823 1506 1861 sit
1534 1822 1654 1862 Cleon
1685 1823 1786 1862 Thu-

306 1895 479 1947 cydidius
509 1895 568 1934 vel
599 1895 771 1941 aliorum,
804 1895 869 1944 qui
899 1894 946 1933 de
976 1896 1056 1934 eius
1087 1897 1166 1934 vita
1195 1901 1232 1934 et
1262 1896 1432 1935 moribus
1462 1895 1715 1947 tradiderunt,
1748 1901 1790 1936 ut

308 1970 590 2020 comparatione
635 1969 734 2008 facta
777 1981 907 2007 verum
946 1968 1127 2009 Cleonem
1167 1982 1451 2019 cognoscamus.
1524 1970 1650 2022 Atque
1687 1970 1788 2021 apud

309 2043 567 2094 Thucydidem
597 2053 686 2082 raro
717 2045 865 2081 tantum
897 2042 1049 2082 Cleonis
1079 2056 1219 2082 nomen
1249 2044 1420 2083 affertur.
1477 2044 1646 2083 Primum
1676 2044 1788 2083 indu-

309 2117 405 2156 citur
444 2116 525 2167 (ΠΙ,
563 2120 613 2156 36
646 2115 747 2168 sqq.)
786 2119 954 2156 oratione
992 2118 1155 2168 quadam
1194 2122 1325 2157 contra
1360 2117 1609 2170 Mytilenaeos
1645 2118 1788 2157 habita.

309 2192 481 2242 Namque
512 2191 739 2243 Mytilenaei,
771 2193 836 2243 qui
864 2194 939 2231 iam
970 2197 1057 2232 ante
1089 2192 1229 2232 bellum
1252 2188 1618 2244 Peloponnesiacum
1649 2191 1787 2232 bellum

310 2269 540 2317 paraverant
572 2265 703 2305 [Thuc.
725 2266 787 2315 ΙΙΙ,
821 2268 874 2315 2),
913 2267 1003 2305 anni
1035 2268 1114 2306 428
1147 2271 1291 2306 aestate
1321 2267 1474 2307 tandem
1504 2268 1553 2307 ab
1585 2266 1791 2306 Athenien—

311 2341 417 2380 sibus
438 2340 664 2389 defecerant,
697 2341 763 2380 sed
793 2342 868 2380 iam
899 2346 985 2392 post
1004 2355 1140 2380 novem
1161 2354 1311 2381 menses
1342 2355 1364 2381 a
1384 2342 1509 2381 Pache
1529 2341 1624 2381 duce
1645 2340 1792 2380 obsessi

312 2415 359 2454 ad
397 2420 541 2454 tantam
589 2416 890 2466 desperationem
929 2420 1198 2467 pervenerant,
1251 2419 1292 2454 ut
1327 2416 1438 2455 facile
1474 2415 1523 2455 ad
1561 2415 1792 2455 deditionem

382 2570 428 2612 29)
454 2574 499 2603 Ad
517 2574 591 2603 Rau.
610 2584 655 2602 vv.
676 2573 851 2602 576—575
879 2572 915 2601 cf.
934 2571 1009 2601 Plut.
1028 2573 1101 2610 reip.
1120 2581 1178 2609 ger.
1201 2580 1295 2610 praec.
1316 2580 1363 2610 pg.
1384 2571 1447 2600 806
1465 2579 1532 2609 sqq.
1549 2572 1638 2609 atque
1655 2569 1744 2599 Grote
1762 2570 1791 2602 3,

315 2633 394 2662 689:
434 2632 522 2661 Dicse
548 2631 638 2660 Stelle
670 2631 747 2667 zeigt
777 2639 842 2662 uns,
875 2630 942 2659 dass
968 2629 1061 2658 chon
1092 2629 1153 2658 und
1184 2628 1371 2667 Hyperbolos
1403 2624 1506 2667 (quem
1537 2626 1697 2656 delendum
1729 2634 1793 2655 esse

315 2699 405 2727 supra
429 2686 571 2725 vidimus)
598 2689 627 2717 in
651 2687 807 2725 Anklagen
832 2686 1001 2716 verwickclt
1026 2686 1157 2721 wurden.
1188 2695 1254 2715 zum
1279 2684 1363 2714 Theil
1389 2684 1455 2713 weil
1479 2684 1521 2714 sie
1545 2693 1646 2713 armen
1670 2683 1791 2716 Lentem
1818 2709 1821 2711 .

316 2747 363 2775 dic
389 2745 614 2782 beeintriichtigt
639 2745 758 2774 worden
782 2754 888 2779 waren,
922 2743 1062 2773 Bcistand
1086 2743 1230 2772 leisteteu.
1264 2751 1313 2772 um
1339 2740 1560 2779 Gerechtigkeit
1583 2750 1636 2773 vor
1659 2740 1718 2772 den
1741 2739 1792 2770 Di-

316 2803 458 2833 caston-ion
485 2812 521 2832 zu
546 2802 692 2837 erlangen.
