2022 3282
844 193 1092 232 —5-

229 327 294 359 est.
365 320 402 358 Iu
453 325 625 370 promptu
673 328 755 357 suu!
808 320 924 357 multa
970 320 1194 356 testimonia.
1268 319 1377 355 Poeta
1428 332 1497 355 uon
1546 319 1704 356 dubitat,

227 394 447 442 Cratinum,
486 394 831 443 ingeniosissimum
873 406 1020 440 senem,
1061 393 1124 443 qui
1163 393 1242 430 eius
1280 392 1387 442 quasi
1427 393 1607 441 magister
1636 392 1706 429 fuit

225 469 263 506 in
294 468 409 506 rebus
439 468 606 516 comicis,
640 467 883 517 nequissime,
917 471 957 504 ut
988 466 1096 504 nobis
1128 466 1288 514 videtur,
1328 466 1494 514 aggredi.
1559 464 1705 514 „Quem

227 545 269 580 ut
289 542 520 592 decrepitum
544 553 670 579 senem
701 546 737 578 et
758 541 1010 591 propinquum
1041 539 1174 578 delirio
1197 553 1280 578 cum
1302 540 1448 577 risisset
1468 540 1505 577 111
1528 539 1704 588 parabasi

224 615 407 666 Equitum
439 611 516 667 (vv.
541 615 619 653 528
653 617 765 665 sqq),
796 615 967 653 irritatus
997 615 1180 652 iactorum
1210 614 1248 651 in
1280 627 1319 652 se
1350 613 1590 651 dicteriorum
1621 625 1705 651 con-

224 689 379 728 tumelia
419 688 596 727 Cratinus
633 689 807 739 sequenti
845 700 942 726 anno
982 683 1150 729 Πυτίνην
1195 687 1363 726 fabulam
1405 688 1500 725 miro
1538 688 1703 725 omnium

225 762 409 814 applausu
436 760 601 800 docuit.“
653 760 775 799 Etiam
809 761 873 801 alii
902 761 1004 800 illius
1035 763 1216 812 temporis
1242 766 1376 812 poetae
1398 760 1704 800 cavillationibus

223 839 417 887 petuntur,
448 848 630 886 persaepe
651 835 854 887 Euripides
883 836 921 874 111
942 835 1071 884 Ranis,
1101 835 1519 885 Thesmophoriazusis
1546 835 1706 873 maxime

224 910 263 948 in
294 909 471 948 Nubibus
501 906 580 960 (vv.
605 911 698 958 853,
731 911 810 949 915
842 923 938 961 sqq,
976 912 1093 956 1368,
1134 910 1180 948 cf.
1209 910 1299 948 edit.
1327 909 1388 948 Fr.
1417 908 1514 958 Aug.
1537 907 1704 959 Wolffii),

222 983 482 1034 Phrynichus,
522 996 633 1034 quem
673 985 710 1022 in
742 983 887 1022 Avibus
917 968 973 1029 lv.
1005 984 1099 1031 750)
1138 988 1180 1021 ut
1213 983 1438 1033 plagiarium
1469 984 1704 1034 perstringit,

223 1055 430 1107 Sophocles
464 1057 525 1106 (cf.
557 1057 643 1096 Pac.
676 1071 709 1094 v.
740 1059 848 1105 697),
880 1054 969 1096 item
1005 1057 1188 1096 Carcinus
1219 1057 1394 1109 filiusque
1424 1057 1610 1096 Xenocles
1642 1056 1704 1099 (cf.

223 1131 348 1170 Nubb.
377 1131 482 1169 1260
511 1131 629 1182 sqq.).
689 1132 731 1170 In
763 1135 870 1170 tanta
908 1131 1143 1170 conviciandi
1180 1131 1336 1170 libidine
1373 1145 1447 1170 11011
1479 1132 1616 1169 mirum
1649 1136 1705 1170 est

220 1203 357 1243 fervidi
377 1205 501 1243 virum
530 1205 674 1255 ingenii
705 1206 818 1244 etiam
850 1218 1019 1244 summos
1039 1206 1214 1244 homines
1245 1218 1413 1253 vexasse,
1448 1210 1486 1244 ut
1506 1205 1703 1256 Periclem,

170 1272 174 1276 ’
221 1290 332 1328 quem
355 1280 507 1329 saepius
529 1292 729 1329 aggressus
751 1285 820 1325 est,
853 1279 955 1318 velut
977 1280 1015 1318 in
1038 1279 1350 1318 Acharnensibus
1382 1279 1456 1328 (vv.
1481 1280 1559 1318 524
1584 1279 1703 1331 sqq),

221 1351 286 1390 ubi
318 1351 484 1391 Pericles
515 1357 552 1392 et
582 1353 749 1403 Aspasia
778 1354 1081 1404 impudicissime
1113 1354 1355 1402 denotantur,
1395 1355 1503 1404 quasi
1533 1357 1705 1393 auctores

220 1425 312 1465 belli
342 1424 402 1477 (cf.
426 1427 541 1465 etiam
562 1427 647 1466 Pac.
673 1441 731 1464 vv.
757 1429 836 1466 606
861 1428 965 1479 sqq.)
989 1429 1148 1467 duorum
1181 1432 1388 1467 scortorum
1412 1441 1524 1466 causa
1554 1428 1703 1466 fuerint.

221 1521 272 1526 -—
315 1501 448 1552 Neque
484 1502 609 1540 minus
651 1502 844 1541 invehitur
888 1503 924 1540 in
964 1503 1122 1551 Niciam,
1172 1503 1279 1541 cuius
1325 1503 1600 1541 cunctationem
1643 1500 1702 1553 (cf.

219 1573 317 1612 Avv.
350 1575 445 1624 640)
478 1580 517 1614 et
551 1577 861 1627 superstitionem
899 1576 1036 1615 anilem
1067 1589 1247 1627 persaepe
1278 1573 1506 1627 denotatffl),
1544 1577 1582 1614 in
1614 1589 1702 1615 eun-

219 1648 380 1700 demque
416 1653 549 1700 poetae
586 1650 856 1700 Amphiaraus,
898 1663 994 1702 quae
1031 1650 1160 1689 fabula
1200 1651 1307 1690 initio
1347 1651 1436 1689 anni
1476 1653 1554 1689 414
1594 1651 1704 1690 docta

219 1726 298 1772 est,
345 1723 510 1774 scriptus
548 1737 631 1763 esse
669 1725 818 1764 videtur
847 1723 1019 1764 Bentleio
1057 1729 1094 1764 et
1128 1723 1409 1773 Suevernioffl),
1454 1726 1554 1776 quod
1593 1729 1706 1774 negat

218 1796 345 1847 Bergk
375 1798 476 1848 apud
508 1797 809 1849 Meinekium.14)
874 1800 1018 1838 Eodem
1065 1800 1177 1838 modo
1209 1800 1428 1849 aggreditur
1458 1803 1569 1850 poeta
1613 1800 1702 1838 deos

218 1870 422 1921 indigetes,
462 1872 669 1924 Dionysum
701 1874 739 1911 in
770 1873 900 1922 Ranis,
939 1873 1116 1912 Hermem
1147 1875 1184 1912 in
1216 1874 1325 1923 Pace,
1363 1874 1452 1923 Irin,
1491 1873 1700 1922 Heraclem,

219 1944 469 1984 Poseidonem
498 1947 538 1985 in
559 1947 717 1986 Avibus
769 1947 870 1995 Quin
891 1948 1006 1986 etiam
1035 1961 1083 1986 ne
1103 1948 1242 1999 populo
1264 1949 1415 1999 quidem
1446 1946 1521 1999 ipsi
1541 1952 1702 2000 tyranno

219 2019 353 2069 parcit,
385 2022 525 2071 quippe
556 2021 620 2072 qui
641 2034 717 2060 non
749 2021 910 2071 dubitet,
944 2035 1069 2060 coram
1092 2023 1352 2073 spectantibus
1375 2023 1555 2073 populum
1577 2023 1701 2061 dicere

220 2082 408 2138 ὃύςκολον
445 2091 645 2149 γερόντιον
683 2093 891 2149 ὑπόκωφον
922 2100 991 2134 cet.
1025 2096 1138 2147 (Equ.
1170 2100 1221 2135 40
1253 2096 1368 2147 sqq),
1406 2097 1471 2147 qui
1501 2095 1551 2144 (v.
1580 2094 1701 2146 1262)

220 2167 353 2206 urbem
384 2168 622 2207 Athenarum
654 2170 745 2207 satis
776 2170 909 2208 acerbe
949 2174 1057 2208 vocet
1088 2166 1319 2225 Κεχηναίων
1350 2168 1466 2207 πόλιν
1498 2175 1534 2209 et
1562 2171 1601 2208 in
1632 2170 1702 2208 Ba-

219 2240 382 2294 byloniis
421 2240 546 2292 (Mein.
586 2243 632 2299 IJ,
678 2245 714 2292 12,
755 2243 853 2292 967)
891 2244 1147 2283 Athenienses
1192 2246 1362 2283 nominet
1401 2243 1698 2298 χκννοπῡλίτκς.

219 2291 358 2355 dufer
395 2316 506 2355 etiam
545 2329 677 2355 versus
714 2316 800 2356 illos
837 2330 881 2356 ex
913 2318 1181 2368 Aristophanis
1211 2318 1430 2370 Babyloniis
1467 2319 1699 2369 desumptos,

219 2389 358 2440 quibus
390 2391 580 2441 vituperat
607 2391 788 2442 populum
820 2392 1107 2441 Atheniensem,
1147 2393 1214 2444 qui
1244 2406 1333 2443 prae
1363 2393 1479 2431 nimia
1509 2397 1700 2443 exspecta-

286 2539 333 2582 12)
358 2544 395 2574 cf.
429 2544 517 2573 etiam
547 2544 680 2583 Thucyd.
710 2545 775 2581 VII,
809 2546 867 2575 50:
900 2541 951 2574 καὶ
978 2541 1096 2586 Χικὶας,
1129 2537 1165 2584 ἦν
1192 2541 1285 2586 γάρτι
1312 2542 1362 2574 καὶ
1390 2539 1469 2586 ἄγαν
1497 2539 1641 2586 Samum
1668 2554 1699 2574 τε

217 2595 269 2629 καὶ
295 2599 346 2641 τῷ
378 2597 517 2641 τοιούτῳ
548 2597 787 2642 προσκείμενος,
819 2597 886 2630 οὐδ’
914 2598 949 2630 ἂν
983 2596 1276 2642 διαβουλεύσασθαι
1308 2596 1351 2631 ἔτι
1383 2597 1459 2642 ἔφη,
1491 2598 1561 2642 πρὶν
1595 2597 1637 2636 ὡς
1671 2597 1698 2630 οἳ

219 2651 343 2698 μάντεις
367 2651 551 2698 ἐξηγοῦντο,
576 2653 641 2698 τρὶς
667 2651 754 2686 ἐννέα
776 2652 895 2699 ἡμέρας
923 2657 1034 2699 μεῖναι.
1090 2661 1244 2697 Χι’1111.1711.
1271 2661 1336 2690 Nic.
1359 2670 1406 2699 cp.
1427 2661 1446 2689 4
1472 2663 1500 2689 et
1525 2658 1569 2699 5).

287 2708 333 2754 1³)
359 2714 522 2746 Gomment.
548 2715 584 2745 de
607 2714 722 2744 Avibus
745 2725 796 2754 pg.
817 2716 856 2745 58
883 2725 928 2755 sq.

287 2767 332 2811 14)
357 2771 453 2810 Frgm.
473 2773 575 2803 comio.
594 2773 697 2803 Graec.
724 2773 761 2808 ΙΙ,
789 2774 819 2808 2,
846 2773 908 2802 949
935 2781 1002 2812 sqq.
