2022 3282
791 226 1069 267 -23-

179 352 468 391 adducerentur.
531 354 656 403 Atque
686 351 942 392 Athenienses
979 365 1062 391 cum
1095 352 1350 390 defectoribus
1389 352 1466 391 illis
1507 353 1670 391 maxime

178 425 306 464 infaeti
336 429 470 464 essent
499 422 638 478 (Thuc.
663 429 700 474 3,
734 422 818 477 36),
850 426 1066 465 exacerbati
1097 438 1247 476 quoque
1277 438 1344 476 per
1371 425 1565 472 Cleonem,
1596 426 1669 476 pri—

178 511 283 538 mum
313 511 445 538 omnes
476 499 577 538 viros
607 498 923 549 Mytilenaeorum
960 499 1155 548 occidere,
1193 499 1356 538 feminas
1387 512 1600 550 puerosque
1630 500 1670 538 in

178 573 399 612 servitutem
429 573 603 622 redigere
633 576 861 611 statuerunt.
920 572 1109 611 Postridie
1140 576 1265 612 autem
1299 586 1382 612 cum
1413 573 1669 612 Athenienses

177 646 292 685 nimis
307 646 413 685 dirae
429 647 640 685 sententiae
660 647 886 696 poeniteret,
904 647 1041 685 iterum
1061 647 1238 685 contione
1258 647 1389 686 habita
1410 648 1450 685 in
1471 650 1670 698 utramque

177 723 324 771 partem
344 720 537 758 orationes
566 719 720 758 habitae
753 724 855 768 sunt,
887 720 1007 759 altera
1037 732 1061 759 a
1083 720 1224 760 Cleone
1252 724 1383 759 contra
1405 720 1668 772 Mytilenaeos,

176 793 299 832 altera
327 806 349 832 a
378 792 556 841 Diodoto,
593 793 672 832 filio
701 792 877 832 Euoratis
907 794 1110 844 demagogi
1142 794 1277 840 (Thuc.
1302 796 1338 842 3,
1373 794 1456 842 42),
1489 795 1550 833 cui
1579 794 1669 833 infe-

176 867 368 906 stissimus
404 867 476 905 fuit
505 865 644 915 Cleon,
684 879 782 918 quae
821 868 949 907 mitior
986 868 1078 906 vicit
1106 867 1431 919 Mytilenaeosque
1469 868 1518 907 ab
1556 868 1670 907 exitio

175 941 354 980 servavit.
413 940 456 979 In
486 941 559 980 hac
596 953 637 980 re
668 941 911 992 Thucydides
942 941 1125 981 Cleonem
1163 941 1320 980 uberius
1359 941 1548 980 dicentem
1582 941 1671 980 facit

175 1014 398 1066 inducitque
427 1027 514 1053 eum
546 1014 606 1053 his
637 1015 783 1054 verbis:
833 1010 974 1053 Κλέων
1006 1015 1025 1052 ὁ
1056 1010 1323 1063 Κλεαινέτου,
1363 1009 1417 1052 ὢν
1447 1013 1514 1052 καὶ
1551 1014 1589 1060 ἐς
1617 1012 1670 1053 τὰ

175 1084 284 1126 ἄλλα
305 1086 532 1139 βιαιότατος
554 1091 635 1126 τῶν
655 1087 844 1136 πολιτῶν,
874 1092 934 1138 τῷ
955 1100 1001 1126 τε
1032 1079 1147 1142 δήμῳ
1174 1085 1283 1141 παρὰ
1302 1086 1405 1126 πολὺ
1428 1086 1467 1126 ἐν
1498 1093 1555 1138 τῷ
1576 1086 1670 1127 τότε

163 1159 464 1208 πιθανώτατος.
505 1161 612 1211 Quod
635 1162 777 1201 dicitur
797 1159 1036 1213 βιαιότατος,
1058 1161 1300 1201 referendum
1324 1165 1384 1200 est
1404 1162 1498 1201 illud
1515 1163 1669 1202 verbum

174 1236 304 1275 minus
347 1235 396 1275 ad
440 1234 595 1276 Cleonis
638 1249 765 1275 mores
808 1248 921 1287 quam
976 1236 1025 1274 ad
1071 1236 1153 1274 eius
1204 1235 1437 1286 reipublicae
1481 1236 1671 1285 gerendae

175 1310 379 1359 rationem,
413 1309 454 1348 in
485 1322 560 1360 qua
590 1314 775 1361 quantum
806 1310 880 1349 sibi
911 1310 1125 1349 constiterit
1154 1309 1292 1349 docent
1321 1314 1359 1349 et
1388 1311 1505 1349 verba
1535 1308 1602 1347 καὶ
1635 1308 1672 1355 ἐς

176 1380 231 1422 τοὶ
261 1379 369 1421 ἄλλα
399 1389 437 1422 et
466 1383 587 1422 oratio
596 1381 668 1434 ³⁰),
709 1396 806 1435 quae
845 1384 1037 1435 sequitur,
1077 1397 1122 1422 ex
1152 1396 1227 1435 qua
1257 1388 1363 1423 certe
1402 1385 1524 1434 magis
1554 1397 1671 1435 quam

178 1470 224 1496 ex
254 1457 334 1496 ulla
362 1457 438 1497 alia
468 1470 510 1497 re
530 1457 683 1498 Cleonis
714 1459 909 1508 ingenium
932 1464 970 1497 et
999 1470 1125 1497 mores
1146 1458 1327 1508 cognosci
1347 1462 1519 1509 possunt.
1571 1459 1668 1497 Nam

177 1543 410 1583 quamquam
442 1532 606 1583 scriptor
642 1545 720 1571 non
757 1532 805 1571 ad
843 1533 999 1571 verbum
1041 1532 1195 1583 quidem
1233 1533 1381 1581 omnia,
1421 1545 1519 1583 quae
1551 1532 1670 1573 Cleon

176 1605 344 1656 dixerat,
375 1610 546 1657 repetere
575 1608 719 1657 potuit,
751 1611 877 1645 tamen
911 1607 1150 1656 „orationem
1183 1605 1286 1645 illam
1317 1619 1395 1645 non
1425 1620 1508 1646 esse
1542 1607 1669 1646 fictam

175 1680 418 1719 statuendum
449 1684 528 1730 est,
567 1681 632 1720 sed
663 1682 718 1720 ita
748 1694 794 1720 ex
824 1681 1059 1720 audientium
1091 1681 1277 1720 memoria
1305 1684 1588 1732 recuperatam,
1627 1685 1672 1720 ut

177 1765 254 1792 11011
274 1753 396 1793 solum
418 1755 643 1803 sententiae,
675 1756 741 1794 sed
764 1767 878 1806 saepe
899 1756 1015 1794 etiam
1045 1755 1129 1805 ipsa
1150 1755 1331 1794 restituta
1356 1755 1434 1794 sint
1452 1753 1669 1804 verba“.31)

176 1827 220 1867 lu
249 1828 476 1882 quaestione
507 1829 608 1867 enim
637 1829 716 1878 illa,
748 1841 824 1881 qua
843 1829 991 1868 ratione
1022 1829 1158 1867 ductus
1189 1833 1226 1868 et
1252 1841 1328 1879 qua
1357 1834 1437 1868 arte
1456 1842 1549 1868 usus
1571 1830 1670 1869 Thu-

167 2021 172 2024 ‘
246 1979 292 2022 ³⁰)
317 1983 361 2014 Ex
377 1992 484 2021 magno
501 1993 625 2014 numero
642 1993 754 2017 eorum,
781 1985 832 2023 qui
851 1984 888 2013 de
905 1984 960 2013 hac
979 1984 1112 2013 oratione
1129 1983 1323 2022 scripserunt.
1348 1984 1454 2013 affero:
1481 1983 1549 2013 Chr.
1564 1984 1668 2019 Gari-e,

176 2030 402 2079 Uebersetzung
418 2051 448 2071 u.
464 2040 633 2079 Erklarung
649 2041 702 2071 der
718 2042 800 2071 Rede
818 2042 939 2078 Kleons,
966 2040 1143 2070 vermischte
1160 2040 1302 2070 Aufsfitze
1319 2041 1373 2070 Bd.
1389 2041 1411 2076 Ι,
1429 2041 1553 2070 Breslau
1574 2042 1668 2075 1796,

181 2097 211 2128 S.
228 2098 424 2134 447—515;
455 2097 603 2136 Droysen,
629 2098 802 2136 Einleitung
825 2109 863 2128 zu
888 2099 945 2128 den
970 2098 1095 2133 Rittern,
1122 2097 1144 2126 Ι.
1172 2098 1229 2133 82;
1261 2099 1297 2127 Α.
1316 2098 1455 2129 80115101.
1489 2099 1526 2128 de
1553 2098 1670 2128 Cleonis

177 2154 310 2184 oratione
335 2163 414 2193 quae
431 2157 477 2183 est
500 2155 531 2183 in
554 2155 629 2184 libro
647 2155 689 2184 111
706 2155 900 2194 Thucydidis.
929 2156 1088 2192 Gottingeu
1107 2155 1209 2190 1867;
1237 2154 1269 2184 C.
1288 2154 1324 2184 H.
1342 2156 1378 2186 A.
1395 2155 1516 2184 Wendt.
1542 2155 1669 2185 Pericles

175 2221 204 2242 n.
222 2209 324 2261 'leon
347 2215 414 2246 cet„
440 2212 536 2241 Posen
562 2212 659 2247 1836,
685 2222 734 2251 pg.
754 2213 796 2242 24
821 2223 907 2252 sqq.;
942 2212 1123 2242 Voswinkel.
1150 2212 1187 2241 de
1214 2211 1325 2241 Cleone
1350 2212 1523 2250 demagogo.
1548 2213 1669 2243 Bonnae

179 2263 282 2306 184‘7;
313 2269 361 2299 Fr.
383 2269 518 2305 Kortfim,
550 2269 605 2299 der
628 2269 781 2308 Demagog
804 2271 908 2305 Kleon,
940 2271 972 2300 in
996 2270 1095 2299 Bremi
1120 2269 1182 2298 und
1206 2269 1381 2305 Doderlein,
1406 2269 1512 2308 philol.
1535 2270 1669 2309 Beitrtigo

175 2335 229 2356 aus
246 2326 300 2356 der
316 2325 460 2362 Schweiz,
485 2327 542 2356 Bd.
560 2327 583 2360 1,
610 2328 753 2361 34—62,
780 2327 888 2357 Zi‘irich
914 2328 1011 2357 1819.
1039 2327 1076 2356 cf.
1093 2327 1226 2356 eiusdem
1251 2326 1667 2365 geschicht1.Forschuugen.

176 2383 298 2422 Leipzig
325 2384 408 2413 1863
440 2387 469 2413 et
491 2393 546 2413 zur
569 2383 747 2413 Geschichte
775 2384 976 2414 hellenischer
999 2383 1331 2421 staatsverfassungen.
1363 2383 1545 2422 Heidelberg
1573 2385 1667 2415 1821.

178 2441 372 2476 176—186;
409 2440 562 2476 Rfitscher,
594 2441 684 2470 Arist.
711 2451 739 2470 u.
765 2441 829 2470 sein
853 2441 1003 2476 Zeitalter,
1036 2440 1137 2472 Boelin
1162 2441 1266 2476 1827;
1305 2441 1460 2473 Waehdel.
1487 2441 1524 2471 de
1549 2441 1669 2472 Cleonis

175 2498 256 2537 apud
267 2497 503 2536 ,Aristophanem
528 2506 665 2536 persona,
692 2498 852 2536 Gottingen
878 2499 980 2528 1858:
1007 2498 1121 2529 Mauso,
1147 2498 1318 2536 Programm
1343 2498 1416 2528 iiber
1441 2499 1489 2528 die
1506 2498 1667 2528 Athenien-

176 2555 295 2584 sischen
319 2555 520 2592 Demagogen,
547 2555 670 2584 Breslau
696 2555 797 2591 1794;
836 2555 960 2591 Heeren,
992 2555 1065 2585 iiber
1088 2555 1230 2593 Mitylene
1256 2556 1318 2585 und
1342 2556 1434 2594 Lyon,
1460 2556 1490 2585 in
1517 2555 1585 2585 Chr.
1605 2557 1667 2586 Gir-

175 2616 289 2647 tauner,
320 2611 480 2642 Politischo
511 2611 658 2648 Annalen,
689 2612 744 2641 Bd.
768 2612 803 2642 V.
838 2613 866 2642 S.
893 2614 957 2642 330
983 2623 1050 2652 sqq.
1112 2613 1267 2642 Praeterea
1298 2612 1383 2642 multi
1416 2612 1467 2642 alii
1500 2613 1574 2642 hanc
1607 2623 1667 2642 rem

176 2670 346 2708 tetigerunt,
373 2678 500 2708 quorum
524 2669 630 2708 partim
657 2669 768 2699 mentio
794 2679 884 2708 supra
907 2669 984 2699 facta
1010 2674 1053 2698 est
1078 2669 1125 2698 1-01
1149 2669 1226 2698 infra
1251 2669 1311 2700 fiet.

244 2722 290 2765 31)
316 2726 353 2757 cf.
372 2726 478 2761 Haase,
503 2725 744 2756 lucubrationum
763 2726 1015 2764 Thucydidiarum
1034 2726 1185 2755 mantissa.
1204 2725 1398 2756 vratislaviae
1417 2726 1479 2754 185
1487 2725 1513 2760 7,
1538 2735 1586 2768 [ις.
1611 2728 1664 2762 19ς

176 2782 317 2818 Schaefer
339 2791 388 2829 pg.
408 2784 460 2818 30,
