1989 3216
961 230 1237 270 ,14-

358 358 458 409 quod
490 358 785 407 Aristophanem
823 357 1071 395 infestissimo
1109 357 1200 403 ,odio
1238 357 1277 394 in
1320 357 1437 394 virum
1478 356 1582 395 illum
1618 356 1836 407 popularem

357 432 587 480 exagitatum
618 431 740 468 fuisse
773 431 998 479 saepissime
1032 431 1217 468 videmus.

442 504 514 543 Sed
559 505 653 542 haec
694 504 890 542 hactenus.
963 503 1178 541 Redeamus
1222 503 1267 541 ad
1314 503 1529 542 comoedias
1567 504 1672 553 ipsas
1715 503 1839 554 perlu-

356 578 543 616 strandas.
603 577 729 627 Atque
766 577 867 627 quod
907 581 1021 627 poeta
1051 577 1200 615 civibus
1240 578 1466 627 promiserat
1507 576 1614 623 (Ach.
1647 576 1754 625 301),
1800 589 1840 615 se

357 651 534 691 Cleonem
580 651 760 700 Equitum
806 650 934 688 fabula
983 651 1271 700 perstricturum
1318 663 1424 699 esse,
1481 650 1696 701 insequenti
1740 662 1841 688 anno

357 724 431 771 (Ol.
460 726 525 770 88,
558 725 756 771 4:424)
789 724 1117 762 vehementissime
1147 723 1248 762 fecit.
1302 722 1408 772 Quae
1433 724 1627 762 comoedia
1655 727 1735 761 tota
1765 723 1841 761 fere

355 799 391 835 in
424 797 564 836 Cleone
602 797 774 835 vexando
813 802 988 835 versatur
1027 801 1139 847 atque
1181 797 1292 847 plena
1329 801 1387 834 est
1421 797 1644 835 iniuriarum
1683 800 1720 835 et
1756 809 1841 835 con-

355 872 596 908 tumeliarum
641 872 679 908 in
724 871 825 908 hunc
870 872 992 909 virum
1039 871 1307 908 coniectarum.
1373 868 1529 920 Equites
1573 871 1646 920 ipsi
1688 874 1837 920 poetam

355 944 608 991 adiuvabant,
649 957 733 982 cum
765 945 921 983 chorum
961 945 1143 982 comicum
1184 948 1361 993 agerent,
1401 955 1563 994 namque
1594 945 1696 982 omni
1728 943 1841 981 modo

355 1030 440 1056 eum
470 1017 708 1056 insultabant
736 1023 778 1055 ut
807 1018 1001 1056 hominem
1032 1018 1321 1068 nequissimum,
1355 1017 1402 1055 cf.
1425 1016 1520 1067 Equ.
1546 1018 1624 1055 247
1657 1029 1764 1068 sqq.:

556 1095 647 1128 παῖε
677 1095 768 1128 παῖε
798 1089 867 1128 τὸν
897 1094 1120 1145 πανοῦργον
1151 1089 1218 1128 καὶ
1247 1082 1644 1144 ταραξιππόστρατον

558 1163 625 1202 καὶ.
655 1162 831 1207 τελώνην
863 1164 930 1202 καὶ
963 1163 1152 1220 φάραγγα
1181 1162 1249 1201 καὶ
1279 1155 1467 1218 χάρυβδιν
1499 1163 1692 1217 ἁρπαγῆς,

560 1237 625 1276 καὶ
655 1241 878 1293 πανοῦργον
910 1237 977 1275 καὶ
1008 1241 1250 1292 πανοῦργον·
1282 1237 1371 1276 κτλ.

356 1313 561 1352 Videamus
593 1312 754 1362 singula.
815 1312 892 1350 Iam
925 1325 1036 1350 versu
1069 1314 1121 1349 44
1152 1324 1228 1362 sq.:

559 1384 718 1438 ἐπρίατο
752 1376 907 1431 δοῦλον,
939 1375 1183 1438 βυρσοδέψην
1214 1380 1474 1439 Παφλαγόνα,

558 1456 886 1513 πανουργότατον
917 1457 983 1495 καὶ
1015 1448 1318 1509 διαβολώτατόν
1349 1471 1452 1496 τινα.

358 1534 417 1578 (cf.
442 1532 536 1582 (384)
568 1537 679 1583 poeta
717 1546 803 1571 eum
842 1533 1086 1571 vehementer
1124 1533 1305 1582 depingit.
1372 1534 1558 1583 Apparet,
1598 1532 1698 1583 quod
1730 1532 1842 1569 etiam

356 1607 569 1647 Scholiasta
610 1606 660 1656 (V.
690 1609 759 1645 44:
802 1638 810 1645 .
837 1637 844 1645 .
869 1637 876 1644 .
902 1599 1037 1649 ἐπειδὴ
1070 1606 1090 1643 ὀ
1127 1604 1259 1660 πατὴρ
1300 1605 1422 1643 αὐτοῦ
1456 1602 1696 1658 Κλεώνυμος
1728 1603 1843 1659 ἐργα-

357 1680 512 1734 στήριον
537 1676 616 1734 εἶχε
650 1673 802 1717 δούλων
834 1670 1098 1732 βυρσοδεψῶν)
1130 1681 1258 1728 refert,
1291 1684 1436 1730 patrem
1459 1679 1612 1720 Cleonis
1644 1690 1843 1717 servorum

357 1754 589 1804 ergastulum
621 1754 868 1804 possedisse,
907 1755 970 1804 qui
1003 1755 1103 1792 coria
1138 1754 1363 1804 depserent,
1406 1754 1642 1803 eandemque
1672 1757 1791 1790 artem
1823 1764 1845 1790 a

356 1829 433 1867 filio
465 1841 552 1867 esse
584 1827 737 1866 cultam.
799 1826 891 1865 Tale
927 1829 1145 1877 negotium,
1186 1828 1289 1878 quod
1326 1828 1537 1866 sexcenties
1568 1826 1845 1876 Aristophanes

356 1909 400 1941 ut
435 1899 508 1940 vile
553 1907 590 1940 et
634 1902 879 1939 inhonestum
925 1902 1083 1940 denotat
1127 1905 1240 1952 atque
1285 1914 1329 1939 ex
1367 1914 1442 1952 quo
1488 1900 1754 1939 acerbissimas
1798 1899 1844 1938 ad

357 1977 614 2016 cavillandum
661 1975 840 2015 Cleonem
885 1975 1041 2014 facetias
1086 1976 1234 2023 hausit,
1281 1975 1436 2013 minime
1479 1987 1503 2013 a
1547 1975 1691 2013 civibus
1739 1973 1844 2012 illius

356 2051 538 2101 temporis
570 2050 651 2087 viro
691 2049 811 2087 libero
843 2052 958 2099 atque
993 2050 1154 2087 honesto
1193 2049 1391 2098 indignum
1422 2049 1592 2087 habitum
1623 2059 1728 2096 esse,
1769 2047 1844 2086 iam

358 2138 403 2164 ex
449 2137 492 2162 eo
530 2127 698 2173 apparet,
745 2123 848 2173 quod
881 2124 1056 2173 Aspasia,
1101 2135 1198 2174 quae
1244 2135 1313 2173 per
1357 2126 1414 2161 tot
1457 2134 1577 2161 annos
1607 2120 1761 2159 Periclis
1805 2121 1845 2159 in

357 2199 511 2247 fastigio
551 2197 742 2247 potentiae
782 2197 895 2246 positi
940 2197 1197 2235 familiaritate
1236 2197 1431 2244 utebatur,
1476 2195 1542 2234 illo
1581 2198 1730 2233 mortuo
1769 2207 1846 2233 non

358 2272 572 2319 dubitabat,
608 2268 752 2321 Lysicli
782 2271 958 2320 pecuario
996 2271 1152 2309 nubere.
1165 2267 1211 2320 24)
1272 2269 1380 2308 Adde
1411 2269 1537 2316 etiam,
1575 2280 1673 2320 quae
1702 2269 1845 2307 inveni-

359 2349 475 2384 untur
513 2346 612 2395 apud
653 2344 913 2395 Thucydidem
946 2342 1016 2395 (II,
1050 2343 1140 2392 40),
1178 2344 1245 2382 ubi
1281 2343 1444 2382 Pericles
1482 2343 1632 2391 magnis
1669 2342 1846 2381 laudibus

359 2420 467 2457 effert
486 2419 755 2466 Athenienses,
787 2418 889 2469 quod
909 2419 948 2456 in
978 2418 1113 2457 iisdem
1133 2418 1226 2455 insit
1255 2415 1409 2454 οἰκείων
1439 2414 1524 2471 ἅμα
1543 2414 1611 2453 καὶ
1630 2415 1846 2454 πολιτικῶν

359 2489 584 2548 ἐπιμέλεια,
624 2491 690 2529 καὶ
729 2489 871 2547 ἑτέροις
910 2489 1003 2544 πρὸς
1041 2493 1138 2546 ἔργα
1175 2487 1458 2545 τετραμμένοις
1492 2487 1545 2528 τοὶ
1574 2486 1761 2528 πολιτικοὶ
1791 2486 1846 2544 μῆ

428 2624 474 2667 24)
501 2629 554 2658 Cui
572 2628 773 2667 palchen-ima
791 2631 880 2667 atque
904 2628 1143 2666 ingeniosissima
1166 2627 1288 2657 Pen'clis
1304 2627 1395 2657 vidua
1411 2629 1490 2657 certe
1511 2635 1664 2665 nunqnam
1683 2626 1844 2665 nupsisset,

360 2686 385 2714 si
409 2686 511 2714 infimo
537 2686 602 2715 loco
634 2689 720 2714 uatus
746 2685 943 2723 vilissimique
974 2684 1079 2714 fuisset
1103 2685 1223 2722 ingenii.
1274 2683 1370 2720 Quare
1394 2693 1490 2713 errare
1519 2683 1592 2713 mihi
1617 2683 1734 2713 videtur
1759 2683 1789 2712 G.
1807 2682 1835 2712 Η

361 2744 396 2771 Α.
414 2742 534 2777 Wendt,
562 2743 687 2771 Pericles
705 2742 766 2770 und
784 2742 887 2776 Kleon,
914 2742 962 2770 ein
979 2742 1097 2778 Beitrag
1113 2751 1150 2770 zu
1168 2741 1220 2770 der
1235 2740 1414 2780 politischeu
1433 2739 1845 2778 Entwickelungsgeschiohte

361 2799 485 2828 Atheus.
535 2799 634 2835 Progr.
662 2799 756 2827 Posen
785 2799 879 2834 1836,
906 2808 954 2836 pg.
975 2800 1026 2827 23.
