1956 3227
900 211 1149 250 -4-

290 336 390 374 iocos
428 336 609 375 obscenos
647 349 784 387 resque
824 337 880 375 vel
928 337 1067 376 nullius
1107 338 1215 387 pretii
1257 338 1316 376 vel
1353 338 1535 377 vilissime
1573 340 1761 388 inventas,

290 409 439 447 infimae
478 414 602 448 autem
650 411 746 460 plebi
785 411 1079 460 acceptissimas,
1125 412 1261 461 quibus
1307 415 1392 450 ante
1438 424 1521 450 eum
1562 413 1763 451 utebantur

289 484 419 520 comici
451 487 602 533 poetae,
641 489 752 533 atque
789 485 914 533 potius
945 485 991 522 ad
1032 498 1110 522 rem
1152 485 1340 534 publicam
1381 486 1550 523 accessit.
1612 485 1694 534 Qua
1722 487 1760 524 in

289 569 327 593 re
366 557 500 594 mirum
539 560 719 607 quantum
759 557 915 606 studuit,
961 562 1002 596 ut
1043 559 1144 596 cives
1188 559 1306 596 bonos
1348 559 1599 607 confirmaret,
1643 559 1762 598 malos

287 631 499 678 castigaret,
546 634 588 668 ut
630 630 731 679 leges
776 634 812 669 et
857 632 1027 669 instituta
1074 644 1095 669 a
1141 632 1310 682 patribus
1354 632 1496 670 tradita
1541 633 1761 681 custodiret,

288 703 450 754 denique
480 707 522 741 ut
552 705 715 742 civitatis
754 704 913 742 salutem
946 708 1126 743 tueretur.
1188 706 1411 744 Rectissime
1447 706 1561 754 igitur
1597 705 1765 744 indolem

289 777 425 815 veteris
458 778 673 815 comoediae
705 779 856 816 Atticae
888 779 1175 827 intellexerunt,
1215 780 1280 830 qui
1311 779 1502 829 politicam
1533 792 1616 818 eam
1646 779 1764 818 nomi-

288 854 484 898 naverunt,
517 864 601 889 cum
632 855 712 889 tota
742 853 780 889 in
810 853 924 890 rebus
956 852 1116 902 publicis
1143 857 1287 890 versata
1318 850 1435 901 situ)
1487 851 1561 891 Sed
1588 854 1762 904 quamvis

286 937 415 962 verum
454 925 520 972 sit,
566 926 835 975 Aristophanis
866 926 1093 974 comoedias,
1136 939 1232 977 quae
1263 930 1425 965 aetatem
1461 917 1649 975 tulerunt,
1685 927 1764 965 fere

285 1011 415 1036 omnes
461 998 507 1036 ad
552 1011 790 1037 communem
828 1000 996 1037 omnium
1034 1000 1172 1038 civium
1210 1000 1368 1039 salutem
1406 1003 1590 1050 spectare,
1635 1004 1763 1038 tamen

286 1085 479 1122 nunquam
503 1073 558 1110 vir
585 1086 669 1110 vere
700 1073 918 1122 ingeniosus
950 1074 1091 1111 oblitus
1123 1077 1193 1122 est,
1225 1086 1264 1112 se
1287 1087 1367 1112 esse
1388 1077 1539 1123 poetam
1560 1074 1758 1122 comicum,

285 1159 406 1197 neque
438 1159 603 1196 unquam
633 1147 772 1194 omisit,
804 1160 955 1198 quoquo
976 1148 1099 1197 potuit
1129 1147 1239 1185 modo
1261 1148 1379 1186 risum
1410 1160 1561 1186 movere
1592 1150 1763 1198 spectan-

282 1221 389 1259 tium.
443 1219 566 1268 Quare
598 1222 693 1258 sicut
723 1234 852 1258 omnes
882 1225 1012 1271 poetae
1042 1221 1096 1259 illi
1121 1222 1265 1271 priscae
1287 1221 1517 1270 comoediae,
1549 1234 1595 1259 ne
1617 1220 1761 1260 Aristo-

283 1295 426 1345 phanes
458 1295 608 1345 quidem
640 1307 807 1345 unquam
839 1295 1038 1340 dubitavit,
1077 1296 1226 1333 iocandi
1259 1308 1374 1334 causa
1407 1307 1494 1334 vera
1525 1298 1636 1346 atque
1666 1294 1762 1332 falsa

283 1369 540 1414 commiscere,
575 1370 717 1418 optimo
749 1369 882 1419 cuique
914 1369 985 1406 civi
1019 1369 1219 1408 vilissimas
1250 1382 1309 1408 res
1339 1369 1488 1408 crimini
1519 1369 1620 1407 dare.
1676 1369 1759 1407 Non

282 1446 428 1481 tantum

450 1514 489 1554 Si
521 1517 603 1566 quis
634 1519 714 1554 erat
744 1516 880 1566 dignus
911 1517 1073 1555 describi
1103 1517 1203 1567 quod
1234 1517 1358 1555 malus
1390 1520 1456 1554 aut
1483 1516 1556 1564 fur,

451 1590 559 1639 Quod
591 1591 770 1629 moechus
800 1591 908 1639 foret,
940 1595 1005 1629 aut
1035 1592 1205 1637 sicarius,
1238 1595 1303 1629 aut
1333 1591 1475 1642 alioqui

449 1665 643 1711 Famosus,
674 1664 794 1703 multa
824 1678 907 1703 cum
938 1665 1113 1704 libertate
1144 1665 1345 1713 notabant,

281 1739 345 1776 sed
395 1743 431 1776 et
475 1740 621 1786 omnia,
674 1739 761 1777 licet
805 1742 934 1776 essent
985 1739 1145 1788 optima,
1198 1738 1354 1788 aggredi
1400 1737 1574 1776 solebant
1621 1750 1760 1788 eosque

281 1813 519 1862 potissimum
566 1814 665 1851 viros
711 1813 831 1863 plebis
878 1813 971 1850 risui
1008 1825 1213 1862 exponere,
1261 1813 1326 1862 qui
1375 1812 1519 1850 meritis
1566 1811 1759 1862 conspicui

281 1890 389 1924 erant
425 1899 469 1924 ac
506 1887 620 1924 rebus
658 1887 850 1936 praeclare
885 1887 1002 1935 gestis
1040 1887 1303 1925 auctoritatem
1341 1886 1441 1936 apud
1480 1886 1580 1924 cives
1609 1885 1761 1924 fuerant

280 1960 404 2010 adepti
439 1960 501 2007 (cf.
524 1943 611 1998 'Cio
643 1961 688 1998 de
719 1973 800 2012 rep.
825 1964 862 2008 4,
898 1960 978 2010 10).
1047 1959 1171 2008 Quare
1210 1960 1293 2010 pari
1330 1960 1443 1997 modo
1480 1959 1759 2010 Aristophanes

279 2034 401 2072 illudit
435 2034 584 2083 Pericli,
623 2035 767 2082 Cleoni,
818 2035 961 2081 Niciae,
1005 2034 1206 2081 Lamacho,
1253 2032 1440 2083 Euripidi,
1477 2032 1635 2082 Socrati,
1681 2046 1759 2072 om-

280 2109 412 2160 nibus,
463 2110 526 2159 qui
572 2109 609 2146 in
664 2110 815 2147 civitate
861 2109 1085 2146 auctoritate
1133 2108 1295 2158 quadam
1349 2108 1548 2147 florebant.
1634 2107 1759 2158 Atque

279 2184 424 2221 merito.
494 2183 696 2234 Nunquam
734 2184 834 2221 enim
874 2183 1026 2221 volebat
1071 2195 1154 2220 esse
1191 2183 1352 2231 scriptor
1387 2194 1512 2220 rerum
1552 2181 1758 2230 gestarum,

280 2258 346 2296 sed
379 2261 459 2295 erat
489 2263 599 2307 poeta
631 2258 810 2304 comicus,
849 2258 913 2307 qui
952 2256 1127 2294 omnibus
1159 2256 1302 2294 viribus
1332 2256 1371 2293 in
1402 2268 1465 2293 eos
1495 2255 1758 2304 invehebatur,

280 2332 503 2382 quibuscum
534 2331 591 2369 vel
626 2332 803 2381 privatim
835 2332 867 2369 ei
899 2331 1026 2369 odium
1058 2330 1150 2378 fuit,
1192 2329 1246 2368 vel
1278 2330 1344 2379 qui
1380 2320 1420 2366 in
1451 2329 1647 2380 republica
1678 2329 1760 2367 eius

279 2406 485 2444 adversarii
508 2408 625 2443 erant.
670 2404 795 2453 Quare
816 2405 1033 2455 ubicunque
1054 2405 1101 2442 de
1122 2404 1234 2442 rebus
1256 2403 1418 2454 politicis
1438 2402 1497 2441 vel
1525 2403 1758 2449 domesticis,

279 2481 323 2518 de
354 2480 605 2527 contionibus,
637 2480 682 2517 de
704 2479 867 2526 iudiciis,
898 2479 945 2517 de
977 2479 1052 2517 vita
1073 2482 1110 2516 et
1139 2477 1309 2516 moribus
1331 2476 1623 2516 Atheniensium
1653 2477 1757 2524 dicit,

279 2567 390 2593 nemo
421 2557 490 2602 est,
522 2555 579 2592 cui
612 2554 791 2591 maiorem
822 2554 861 2591 in
891 2552 1032 2591 talibus
1053 2552 1166 2590 rebus
1195 2552 1362 2590 tribuere
1384 2551 1573 2601 possimus
1598 2549 1759 2588 auctori-

278 2632 406 2666 tatem.
449 2627 604 2675 Contra,
635 2628 698 2665 ubi
718 2628 757 2664 in
779 2626 948 2676 singulos
969 2626 1173 2673 invehitur,
1194 2638 1391 2676 nunquam
1412 2625 1446 2663 ei
1465 2624 1560 2662 fides
1580 2623 1758 2662 habenda.

347 2749 389 2792 1¹)
415 2753 451 2782 cf.
476 2754 599 2791 Dionys.
619 2753 684 2782 Hal.
708 2752 866 2781 a1·t.Rhet.
894 2762 942 2790 pg.
963 2753 1024 2781 302
1051 2752 1086 2781 R.
1109 2751 1254 2788 Cognovit
1277 2750 1440 2788 Dionysius
1464 2749 1618 2788 antiquam
1642 2757 1757 2778 comoe-

283 2811 366 2840 diam
392 2820 455 2839 esse
480 2811 628 2848 politicam
655 2814 683 2838 et
708 2820 766 2839 una
791 2819 856 2839 cum
880 2810 1014 2838 ridiculis
1038 2810 1113 2838 seria
1136 2818 1206 2846 prae
1230 2817 1262 2837 se
1284 2807 1370 2836 ferre.
