2022 3282
767 226 1044 266 —29-

159 355 351 394 decretum
383 358 451 403 est,
485 358 528 393 ut
550 354 722 393 Scionaei
755 358 792 392 et
812 353 984 392 Mendaei
1015 351 1277 390 occiderentur
1305 350 1437 401 (Thuc.
1462 354 1499 398 4,
1538 349 1640 398 1:2²2).

158 429 227 469 Cui
259 442 344 469 cum
374 429 412 467 in
445 428 654 467 obsidenda
685 426 823 466 Seioua
854 427 1012 465 nimium
1054 431 1202 476 tempus
1234 425 1408 463 consumi
1442 425 1642 473 videretur,

160 503 298 555 populo
335 503 543 554 persuasit,
589 506 631 540 ut
667 502 812 540 Niciam
851 501 983 539 ducem
1026 504 1258 538 revocarent.
1337 499 1463 549 Atque
1502 504 1645 549 quanta

159 579 272 617 fuerit
292 577 443 618 Cleonis
474 576 574 628 apud
597 576 848 614 Athenienses
880 575 1097 623 auctoritas,
1129 587 1293 624 eumque
1322 576 1435 612 etiarn
1468 574 1507 611 in
1529 573 1644 611 rebus

160 653 306 693 bellicis
336 664 412 690 non
444 650 538 689 adeo
575 650 692 688 fuisse
723 650 978 700 despicatum,
1018 653 1200 700 quantum
1234 647 1455 698 Thucydide
1493 654 1646 687 auclore

159 740 182 766 a
211 727 383 778 plurimis
414 727 674 774 existimatur,
715 725 923 764 clarissime
959 737 1003 762 ex
1041 736 1084 762 ea
1120 736 1161 761 re
1199 727 1373 773 apparet,
1411 723 1514 772 quod
1545 723 1646 761 cives

158 801 258 841 male
289 802 456 840 contenti
486 801 635 849 Niciae,
676 799 820 838 scilicet
859 798 964 848 pacis
1000 797 1239 845 amicissimi,
1281 798 1319 835 in
1351 795 1451 836 bello
1481 797 1646 846 gerendo

159 877 401 915 cunctatione
432 875 611 916 Cleonem
641 876 682 913 in
712 875 792 913 eius
822 873 947 912 locu-m
977 873 1215 911 suffecerunt.
1270 870 1379 920 Quod
1410 877 1510 910 certe
1541 885 1647 910 num-

160 959 273 1003 quam
303 950 504 998 fecissent,
544 950 575 988 si
606 949 687 987 eius
724 947 915 998 imperitia
952 946 1041 985 belli
1079 947 1237 996 gerendi
1273 946 1472 984 notissima
1501 947 1646 990 fuisset,

160 1038 245 1065 cum
276 1025 410 1077 quanti
431 1023 687 1063 Athenienses
708 1022 893 1061 Thracias
923 1021 1009 1060 illas
1030 1021 1291 1070 possessiones
1312 1021 1481 1071 fecerint,
1516 1025 1646 1059 notum

160 1100 222 1139 sit.
282 1098 434 1139 Electus
472 1098 590 1148 igitur
620 1102 679 1136 est
708 1097 826 1136 Cleon
856 1096 931 1135 dux
967 1096 1219 1146 expeditionis
1253 1097 1291 1134 in
1322 1096 1524 1135 Thraciam
1556 1096 1646 1134 faci-

156 1174 279 1213 endae
315 1174 472 1213 ineunte
511 1185 598 1212 vere
636 1172 726 1211 anni
758 1172 836 1210 422
871 1183 956 1209 cum
993 1170 1099 1208 1200
1135 1169 1291 1208 delectis
1329 1170 1491 1209 militum
1523 1172 1649 1220 gravis

159 1253 386 1297 armaturae,
420 1248 501 1286 200
533 1246 736 1299 equitibus
799 1247 925 1296 Atque
953 1245 1062 1283 initio
1096 1245 1248 1296 quidem
1281 1258 1361 1284 rem
1394 1245 1488 1283 bene
1519 1247 1648 1295 gessit,

162 1337 247 1363 cum
280 1323 472 1362 Toronam
508 1321 640 1361 urbem
672 1321 711 1359 in
751 1322 980 1371 potestatem
1011 1319 1303 1358 Atheniensium
1333 1320 1523 1370 redigeret
1552 1320 1649 1358 mul-

159 1403 294 1449 tosque
334 1398 505 1447 captivos
543 1394 715 1434 Athenas
755 1395 936 1433 mitteret.
1008 1394 1103 1432 Tum
1141 1395 1188 1433 ad
1226 1394 1488 1445 Amphipolim
1526 1401 1651 1433 castra

161 1473 291 1521 movit,
323 1484 438 1523 quam
460 1471 593 1509 urbem
615 1469 796 1508 Brasidas
818 1468 984 1507 tenebat.
1035 1468 1111 1507 Ubi
1132 1482 1218 1508 cum
1239 1469 1405 1508 Thraces
1427 1472 1650 1520 exspectans

160 1546 413 1587 mercenarios
454 1548 586 1584 contra
623 1543 934 1584 consuetudinem
972 1546 1136 1594 primum
1169 1544 1400 1594 quiesceret,
1441 1545 1596 1583 tandem
1629 1557 1650 1582 a

163 1620 350 1661 militibus
371 1625 525 1659 coactus
546 1632 720 1670 egressus
741 1621 800 1657 est
821 1622 893 1668 (cp.
918 1620 940 1657 6
963 1623 1002 1657 et
1023 1621 1059 1667 7,
1091 1618 1136 1657 cf.
1161 1631 1218 1669 cp.
1249 1621 1315 1657 10:
1349 1618 1393 1656 οὐ
1413 1616 1650 1673 βουλόμενος

161 1685 614 1750 μάχῃ-διαγωνίσασθαι
643 1690 730 1747 πρίν
762 1694 798 1731 οἱ
829 1691 894 1731 καὶ
925 1689 1017 1738 τοὺς
1048 1690 1218 1743 βοηθοὺς
1247 1689 1385 1741 ἥκειν).
1452 1693 1532 1732 Hoc
1568 1693 1650 1732 loco

161 1769 235 1821 (cp.
259 1771 280 1808 7
313 1768 414 1818 init.)
436 1767 678 1820 Thucydides
707 1767 847 1806 milites
877 1767 975 1817 illos,
1008 1780 1105 1818 quos
1126 1769 1282 1806 omnino
1303 1769 1445 1807 invitos
1467 1767 1648 1807 Cleonem

160 1847 310 1883 secutos
339 1841 535 1894 esse'ipse
566 1842 657 1881 dicit
685 1838 764 1893 (cp.
792 1844 812 1880 7
827 1857 834 1880 :
876 1838 1032 1879 οἴκοθεν
1071 1842 1122 1886 ὡς
1162 1843 1324 1888 ἄκοντες
1362 1842 1471 1893 αὐτῷ
1510 1835 1648 1887 ξυνῆλ-

163 1916 264 1969 θον),
295 1910 380 1957 cum
411 1917 552 1968 gaudio
583 1916 749 1968 quodam
779 1916 919 1966 ipsius,
952 1922 995 1955 ut
1027 1916 1189 1965 videtur,
1228 1916 1275 1954 de
1306 1915 1459 1955 Cleonis
1490 1917 1650 1967 imperio

162 1992 372 2033 iudicantes
401 1991 495 2031 facit
534 1982 898 2045 (ἀναλογιζομένων
937 1982 986 2033 δ’),
1023 1988 1094 2033 τὴν
1133 1988 1282 2028 ἐκείνου
1313 1989 1529 2046 ἠγεμονίαν
1562 1989 1652 2043 πρὸς

161 2060 260 2106 οἵαν
278 2063 476 2122 ἐμπειρίαν
506 2062 574 2103 καὶ
604 2061 780 2120 τόλμαν,
819 2061 924 2120 μετὰ
955 2063 1037 2109 οἵοις
1078 2062 1441 2119 ἀνεπιστημοσύνης
1477 2064 1544 2103 καὶ
1575 2079 1651 2120 μκ-

160 2138 304 2187 ’λακίας
331 2136 572 2195 γενήσοιτο).
632 2136 707 2178 Sed
747 2143 847 2178 certe
883 2139 1095 2177 rectissime
1126 2138 1244 2178 Cleon
1285 2139 1359 2177 iam
1397 2139 1506 2178 initio
1538 2140 1653 2178 totius

161 2226 203 2254 ce
266 2212 380 2254 minis
410 2213 484 2253 sibi
515 2216 781 2265 proposuerat,
823 2213 944 2252 socios
976 2217 1196 2264 exspectare
1226 2217 1340 2263 atque
1371 2216 1452 2251 tum
1485 2213 1649 2259 demum,

163 2283 259 2328 cum'
278 2288 373 2329 satis
403 2299 730 2338 magnonumero
761 2291 900 2339 posset,
932 2301 1098 2338 pugnam
1125 2288 1372 2326 committere.
1427 2286 1537 2336 Quod
1569 2301 1651 2338 pro-

165 2365 332 2415 p'ositum
362 2361 440 2401 non
469 2362 545 2401 iam
575 2374 760 2412 peragere
792 2362 929 2413 potuit,
961 2375 1045 2401 cum
1069 2362 1262 2410 Brasidas,
1295 2362 1370 2400 dux
1399 2362 1655 2412 peritissimus

164 2435 256 2477 belli
283 2436 461 2487 gerendi,
499 2449 586 2475 eum
625 2436 825 2475 confestim
858 2436 1141 2486 aggrederetur.
1204 2436 1246 2475 In
1277 2449 1351 2487 qua
1383 2447 1512 2485 pugna
1542 2436 1654 2474 ambo

164 2511 281 2551 duces
324 2510 442 2549 occisi
485 2513 595 2560 sunt,
615 2510 811 2549 *vicerunt
857 2510 1158 2549 Lacedaemonii.
1233 2510 1288 2548 De
1335 2514 1456 2548 morte
1501 2508 1654 2548 Cleonis

163 2582 406 2638 Thucydides
437 2584 503 2633 (5,
539 2584 604 2633 10)
643 2583 738 2623 haec
766 2583 898 2623 habet:
943 2581 1008 2631 (τὸ
1041 2581 1113 2638 μὲν
1145 2581 1345 2638 εὐώνυμον
1377 2579 1491 2637 κέρας
1525 2582 1654 2620 αὐτῶν

166 2659 263 2709 [scil.
285 2654 511 2709 Ἀθηναίων]
545 2686 554 2695 .
580 2688 588 2696 .
611 2687 619 2695 .
641 2654 757 2702 εὐθὺς
777 2688 786 2697 .
813 2689 821 2696 .
846 2688 854 2696 .
878 2659 1017 2712 ἔφυγε.
1051 2655 1119 2695 καὶ
1150 2658 1170 2695 ὁ
1203 2647 1395 2711 Βρχσίδας
1417 2688 1425 2695 .
1452 2685 1459 2693 .
1487 2687 1494 2695 .
1518 2655 1653 2710 τιτρώ-

166 2727 342 2772 σκὲταιᾈ
367 2763 374 2771 .
399 2761 408 2769 .
437 2732 473 2770 οἱ
505 2723 549 2769 δὲ
578 2729 743 2774 πλησίον
775 2727 938 2785 ἄραντες
969 2729 1224 2786 ἀπήνεγκαν.)
1257 2729 1303 2768 τὸ
1337 2721 1377 2768 δὲ
1414 2722 1540 2775 ῗεξιόν
1572 2734 1650 2767 τῶν

142 2801 378 2849 *Ati-mucium
417 2807 528 2859 ἔμενε
568 2805 740 2859 μᾶλλον.
792 2804 858 2842 καὶ
898 2805 918 2842 ὁ
957 2802 1027 2858 μὲν
1059 2801 1219 2852 Κλέων,
1259 2805 1310 2850 ὡς
1342 2802 1386 2841 τὸ
1417 2808 1572 2858 πρῶτον
1603 2804 1647 2841 οὺ
