2022 3282
98 1025 198 1087 [nde
228 1061 250 1087 a
275 1047 513 1098 temporibus
536 1047 771 1097 Thucydidis
803 1059 922 1097 usque
954 1046 1001 1084 ad
1032 1049 1200 1084 nostram
1233 1050 1395 1084 aetatem
1427 1047 1491 1097 qui
1523 1047 1570 1085 de

91 1121 229 1162 Cleone
264 1121 490 1159 Atheniensi
527 1121 777 1171 scripserunt,
815 1121 892 1158 fere
930 1133 1061 1158 omnes
1099 1120 1132 1157 ei
1168 1121 1368 1159 conviciati
1405 1124 1494 1158 sunt
1529 1126 1572 1158 ut

89 1196 169 1234 viro
198 1195 382 1246 pessimo,
420 1195 486 1245 qui
523 1195 669 1233 civitati
699 1194 989 1233 Atheniensium
1028 1207 1198 1232 summae
1237 1195 1416 1244 perniciei
1445 1194 1569 1232 fuerit.

89 1270 263 1319 Namque
293 1281 403 1320 quem
435 1268 678 1320 Thucydides
715 1265 962 1318 βιαιότατον,
1002 1275 1114 1319 quem
1146 1268 1279 1308 Cicero
1309 1268 1571 1307 turbulentum

91 1344 209 1382 civem
240 1343 423 1392 nominat,
463 1355 573 1393 quem
605 1342 882 1393 Aristophanes
921 1343 1131 1381 sexcenties
1168 1343 1278 1394 quasi
1316 1343 1504 1381 sentinam
1535 1346 1573 1380 et

89 1417 229 1456 faecem
268 1417 398 1468 populi
436 1416 731 1455 Atheniensium
771 1416 947 1465 denotat,
994 1417 1055 1455 cui
1093 1417 1220 1455 omnia
1260 1417 1421 1455 honesta
1457 1419 1573 1466 atque

89 1490 290 1529 inhonesta
321 1490 488 1529 vendere
526 1503 606 1529 mos
634 1490 768 1539 fuerit,
807 1503 917 1541 quem
957 1490 1120 1542 denique
1156 1503 1288 1528 omnes
1321 1493 1467 1529 veteres
1498 1502 1574 1528 una

90 1577 181 1603 voce
210 1565 478 1612 condemnant,
509 1564 624 1602 talem
652 1564 847 1602 hominem
879 1565 994 1603 etiam
1024 1567 1178 1603 nostrae
1208 1565 1342 1603 aetatis
1371 1565 1575 1614 scriptores

91 1650 168 1677 non
190 1637 460 1677 dubitaverunt
487 1639 526 1677 in
558 1637 911 1676 scelestissimorum
935 1639 1072 1677 civium
1096 1638 1386 1676 Atheniensium
1418 1650 1575 1676 numero

92 1711 243 1761 habere.
280 1735 326 1740 -
363 1711 438 1760 Qui
467 1712 612 1762 primus
642 1725 709 1762 pro
740 1711 897 1750 Cleonis
928 1712 1094 1762 politicis
1125 1716 1162 1750 et
1196 1712 1309 1751 rebus
1341 1716 1379 1751 et
1408 1711 1576 1751 consiliis

94 1785 264 1825 scribere
294 1789 453 1825 conatus
484 1790 554 1834 est,
592 1783 828 1837 Droysen1),
867 1786 1072 1824 admodum
1102 1786 1216 1824 etiam
1245 1786 1307 1824 hic
1337 1787 1493 1833 veritus,
1531 1798 1578 1824 ne

95 1859 241 1898 crimini
272 1859 344 1898 sibi
374 1863 596 1905 verteretur,
633 1860 733 1911 quod
765 1860 1062 1898 abiectissimum
1094 1859 1345 1909 demagogum
1376 1860 1578 1898 defendere

96 1932 262 1982 auderet,
299 1933 339 1971 in
368 1934 476 1972 cuius
505 1933 798 1984 reprehensione
829 1946 950 1984 paene
980 1946 1110 1972 omnes
1141 1936 1180 1971 et
1208 1937 1355 1972 veteres
1385 1937 1424 1972 et
1453 1946 1579 1972 recen-

96 2007 214 2045 tiores
244 2007 447 2058 scriptores
482 2009 760 2058 consentirent,
799 2008 1012 2047 rectissime
1049 2007 1254 2054 intellexit,
1294 2007 1442 2054 omnia,
1483 2019 1581 2057 quae

97 2084 243 2120 veteres
273 2081 479 2132 scriptores
511 2082 556 2120 de
588 2081 728 2121 Cleone
758 2082 1019 2130 tradidissent,
1056 2094 1100 2120 ex
1129 2081 1299 2120 fontibus
1331 2093 1443 2120 saeva
1472 2081 1580 2120 facti—

97 2166 212 2193 onum
233 2154 469 2194 dissensione
490 2157 654 2195 turbatis
675 2157 843 2195 fluxisse.
890 2155 992 2194 Idem
1014 2155 1113 2206 quod
1134 2154 1309 2207 Droysen
1337 2156 1583 2193 instituerunt

100 2227 145 2268 G.
177 2225 346 2277 Grote2)‚
388 2227 599 2280 Oncken3),
637 2230 700 2268 hic
737 2230 814 2269 illic
843 2230 951 2268 alius.
1013 2228 1087 2267 Sed
1124 2241 1210 2267 cum
1249 2241 1382 2267 omnes
1413 2228 1467 2267 illi
1498 2229 1582 2276 viri,

101 2292 236 2341 studiis
250 2303 387 2364 'uagis
416 2304 609 2343 historicis
640 2316 752 2353 quam
791 2303 1029 2354 philologieis
1067 2303 1206 2351 dediti,
1245 2303 1428 2341 memoria
1458 2315 1582 2341 rerum

103 2377 294 2424 gestarum
323 2376 427 2416 ducti
462 2389 544 2416 rem
573 2376 835 2427 tractaverint,
872 2390 998 2417 meum
1036 2381 1173 2426 restat,
1212 2377 1378 2416 fontibus
1416 2378 1515 2415 inter
1544 2389 1584 2415 se

103 2451 334 2500 comparatis
354 2463 445 2491 vera
473 2455 511 2491 et
539 2451 635 2491 falsa
665 2451 876 2491 diiudicare
906 2456 1020 2503 atque
1051 2451 1142 2503 quid
1173 2451 1219 2491 de
1240 2451 1392 2491 Cleonis
1413 2455 1452 2490 et
1471 2451 1585 2490 rebus

172 2605 200 2648 1)
224 2610 258 2640 In
282 2610 374 2649 praef.
400 2610 437 2639 ad
462 2610 614 2649 Aristoph.
637 2610 749 2650 Equit„
783 2612 927 2642 versionis
950 2612 1142 2642 Germanicae
1166 2614 1239 2640 tom.
1261 2611 1298 2646 II,
1324 2621 1371 2649 pg.
1398 2611 1585 2646 279—312‚

107 2665 177 2696 edit.
193 2666 222 2696 11
243 2669 315 2698 tom.
332 2667 355 2703 1,
380 2676 428 2706 pg.
449 2668 486 2696 81
499 2668 592 2697 -96,

174 2716 202 2760 ²)
226 2723 332 2754 Gesch.
351 2724 594 2754 Griechenlands.
642 2724 775 2754 Deutsch
800 2735 859 2754 von
882 2725 934 2755 Dr.
953 2725 1107 2755 Meissner.
1156 2724 1286 2762 Leipzig.
1315 2724 1409 2753 1853.

175 2773 204 2817 ³)
229 2779 325 2809 Athen
348 2781 410 2811 und
434 2781 546 2810 Hellas.
596 2783 613 2809 2
640 2782 753 2811 Biinde.
799 2782 929 2819 Leipzig,
959 2783 1053 2812 1866.
