1956 3227
916 197 1162 237 -8-

303 320 456 359 Cleonis
496 323 661 360 animum
712 322 882 361 venalem
929 324 1149 372 depinxerit.
1227 325 1457 364 Omittamus
1495 340 1625 366 omnes
1663 329 1778 377 locos,

303 395 439 445 quibus
470 396 695 445 improbitas
733 399 771 434 et
801 396 903 435 fraus
934 397 972 434 in
1009 398 1123 436 rebus
1162 399 1321 449 publicis
1353 401 1554 439 commissa
1584 403 1618 439 ei
1648 403 1778 441 obiici-

304 472 418 506 untur
448 469 597 518 singula
628 469 890 508 criminatione
915 484 988 508 non
1021 471 1150 510 addita
1181 470 1291 522 (Equ.
1321 474 1410 521 103,
1445 474 1522 512 258
1556 487 1652 524 sqq.,
1686 477 1780 524 802,

308 543 409 581 1408
448 539 568 593 alibi).
635 542 763 581 Affero
801 544 964 593 primum
1002 545 1098 595 Equ.
1134 559 1166 583 v.
1199 548 1297 584 4382
1346 542 1388 583 σὲ
1419 536 1454 583 δ’
1486 544 1529 583 ἐκ
1564 538 1781 594 Ποτιδαίας

304 617 428 669 ἔχοντ’
461 607 501 652 εὖ
542 606 630 652 οἶδα
670 605 768 652 δέκα
806 614 1007 664 τάλαντα,
1055 618 1119 656 ubi
1164 618 1343 658 Cleonem
1390 620 1518 658 decen]
1565 621 1717 659 talentis
1760 634 1782 660 a

302 689 612 727 Potidaeensibus
657 693 875 740 corruptum
920 703 1002 729 esse
1033 690 1292 742 Allantopoles
1331 693 1471 732 obiicit.
1547 693 1656 742 Quod
1700 707 1782 733 esse

302 763 413 812 plane
443 763 767 810 commenticium,
805 764 879 802 iam
912 764 1124 804 Scholiasta
1155 765 1270 814 vidit,
1309 778 1393 804 cum
1425 767 1545 816 dicat,
1584 780 1783 807 numerum

303 841 338 874 et
368 837 491 875 locum
522 837 635 875 affere
665 850 729 876 eos
767 837 908 886 solere,
947 839 1012 889 qui
1050 851 1127 877 rem
1167 839 1298 877 fictam
1328 840 1629 879 verisimiliorem
1658 841 1784 880 facere

304 906 456 949 vellent.
508 910 609 949 Haec
629 911 760 949 habet:
795 942 802 950 .
830 943 836 949 .
861 943 868 949 .
894 909 971 949 ἀπὸ
993 910 1140 957 ταύτης
1163 911 1254 965 φησὶ
1275 917 1344 958 τῆς
1373 910 1526 959 πόλεως
1547 910 1784 969 κεκλοφέναι
1837 921 1839 924 ’

304 975 403 1021 δέκα
432 979 614 1021 τάλαντα
649 982 715 1022 τὸν
747 980 934 1033 Κλέωνα,
977 984 1042 1023 καὶ
1081 982 1213 1036 τούτῳ
1253 986 1484 1040 φιλονεικῶν
1523 985 1642 1025 αὐτὸν
1673 985 1782 1042 ἀμεί-

303 1055 440 1107 βεσθαι
462 1062 542 1102 τοῖς
559 1057 666 1104 ἴσοις,
693 1055 775 1095 ἐπεὶ
794 1056 980 1112 πρότερος
1000 1058 1143 1104 ἐκεῖνος
1166 1060 1307 1114 ἔφησεν
1333 1058 1453 1098 αὐτὸν
1478 1058 1784 1115 σφετερίσασθαι

301 1135 372 1177 τῆς
408 1129 559 1176 πόλεως
595 1128 777 1169 τάλαντα
813 1129 958 1172 πολλά.
990 1157 1043 1162 --
1073 1132 1139 1172 Et:
1187 1131 1384 1188 χρησίμως
1424 1131 1527 1189 μετὰ
1564 1131 1632 1171 τὸν
1663 1131 1785 1172 τόπον

302 1204 368 1243 καὶ
399 1202 465 1243 τὸν
497 1202 662 1258 ἀριθμὸν
694 1200 812 1256 εἶπεν,
843 1203 906 1244 ἵνα
938 1206 957 1243 ὁ
988 1204 1106 1262 λόγος
1138 1206 1246 1258 αὐτῷ
1277 1205 1443 1253 πίστεως
1475 1205 1637 1261 ἔχεσθαι
1669 1198 1784 1260 δοκῇ,

302 1278 368 1316 καὶ
400 1276 454 1333 μ’),
476 1275 608 1324 ἄλλως
628 1283 699 1324 τῆς
728 1283 799 1316 τοῦ
823 1276 1008 1326 Κλέωνος
1039 1271 1227 1331 διαβολῆς
1247 1278 1437 1335 λελέχθαι
1458 1281 1577 1335 χάριν.
1619 1278 1786 1327 πίστεως

301 1351 375 1408 γαρ
412 1344 670 1408 παράδειγμα
707 1350 776 1390 τὸν
813 1359 1116 1409 κατηγοροῦντα
1155 1353 1208 1409 μὴ
1248 1349 1372 1407 ψιλοῖς
1402 1352 1571 1410 χρῆσθαι
1608 1353 1785 1410 ῥήμασιν,

302 1424 406 1464 ἀλλα
437 1425 503 1464 καὶ
537 1424 701 1480 ἀριθμὸν
731 1424 1029 1480 προβάλλεσθαι
1058 1426 1124 1466 καὶ
1153 1427 1287 1466 τόπον.
1345 1429 1569 1468 Rectissime
1600 1428 1786 1468 intellexit

303 1500 530 1549 Scholiasta,
576 1501 669 1539 nihil
715 1487 818 1539 aliud
864 1502 938 1540 sibi
982 1503 1223 1552 proposuisse
1268 1506 1417 1553 poetam
1466 1503 1538 1541 nisi
1582 1507 1625 1541 ut
1667 1503 1784 1541 risum

304 1578 475 1614 moveret
511 1578 765 1625 spectatorum
797 1588 949 1626 quoquo
988 1580 1117 1626 posset
1148 1576 1273 1615 modo.
1334 1578 1525 1627 Apparet,
1565 1588 1613 1615 ne
1645 1576 1787 1615 Scholi-

303 1654 421 1688 astam
454 1649 606 1700 quidem
635 1649 759 1700 ipsum
796 1649 1078 1688 criminationes
1116 1649 1201 1688 illas
1240 1663 1347 1689 veras
1376 1651 1572 1690 habuisse.
1605 1672 1658 1677 —-
1690 1650 1786 1689 Tum

302 1737 346 1762 ex
383 1723 479 1774 Equ.
513 1736 573 1761 vv.
599 1726 673 1762 931
710 1735 793 1774 sqq.
834 1724 897 1772 (cf.
932 1723 1029 1772 361)
1075 1728 1242 1775 apparet,
1289 1727 1441 1774 poetam
1487 1724 1534 1762 de
1579 1724 1721 1764 Cleone
1766 1737 1788 1763 a

305 1798 459 1836 Milesiis
489 1798 649 1848 pecunia
671 1801 850 1848 corrupto
882 1797 1016 1836 dicere.
1069 1797 1143 1836 Sed
1164 1797 1260 1836 nihil
1282 1798 1373 1837 alibi
1393 1798 1440 1837 de
1469 1798 1542 1837 hac
1563 1811 1604 1837 re
1626 1802 1785 1838 constat.

303 1872 428 1921 Quare
471 1871 684 1910 criminatio
725 1871 873 1910 videtur
914 1872 1021 1920 talis,
1063 1872 1211 1922 qualem
1249 1873 1322 1910 iam
1366 1872 1529 1910 vidimus
1575 1876 1613 1911 et
1659 1872 1788 1923 plures

306 1946 532 1985 videbimus.
585 1945 739 1985 Certum
770 1950 840 1994 est,
871 1946 910 1984 in
941 1946 1156 1997 loquacium
1182 1946 1471 1984 Atheniensium
1501 1946 1595 1985 urbe
1620 1946 1789 1996 quotidie

302 2033 420 2059 novos
451 2020 640 2058 exstitisse
668 2032 860 2069 rumores,
900 2020 966 2071 qui
997 2021 1169 2070 quamvis
1206 2019 1292 2058 falsi
1332 2033 1417 2058 cum
1448 2020 1496 2058 ad
1527 2021 1716 2071 optimum
1749 2023 1787 2059 et

303 2107 492 2133 summum
525 2106 714 2145 quemque
745 2097 982 2144 spectarent,
1025 2094 1134 2133 facile
1166 2094 1523 2144 percrebrescebant
1552 2097 1590 2132 et
1619 2106 1642 2132 a
1671 2093 1787 2145 vulgo

305 2169 567 2207 credebantur.
630 2167 736 2216 Quos
766 2181 937 2207 rumores
967 2174 1102 2219 poetae
1132 2169 1266 2207 comici
1301 2168 1463 2207 libenter
1492 2171 1719 2219 receperunt
1747 2169 1785 2206 in

304 2243 531 2292 comoedias,
563 2246 749 2281 auxerunt
778 2242 817 2280 in
848 2242 982 2290 maius,
1013 2242 1109 2291 loco,
1141 2242 1373 2290 nominibus,
1403 2242 1570 2281 numeris
1599 2242 1787 2293 appositis

303 2317 502 2356 credibiles
534 2317 759 2364 effecerunt,
798 2315 902 2353 nulla
936 2315 1009 2354 alia
1040 2329 1155 2355 causa
1185 2316 1363 2355 commoti
1400 2316 1477 2354 nisi
1512 2318 1555 2354 ut
1583 2316 1624 2355 in
1653 2316 1786 2355 adver-

303 2392 423 2430 sarios
461 2403 613 2441 quoquo
652 2390 764 2428 modo
808 2394 966 2439 possent
1003 2390 1131 2428 odium
1173 2390 1310 2428 civium
1349 2389 1602 2440 concitarent,
1648 2389 1708 2428 vel
1745 2393 1788 2428 ut

302 2465 421 2503 risum
454 2465 706 2514 spectantium
737 2468 947 2503 moverent.
1005 2463 1157 2513 Errant,
1190 2464 1256 2514 qui
1287 2463 1456 2502 veritatis
1487 2463 1787 2503 studiosissimos

304 2539 421 2577 fuisse
451 2537 761 2588 Aristophanem,
802 2537 1012 2587 Cratinum,
1054 2536 1243 2588 Eupolim,
1282 2541 1426 2576 ceteros
1464 2537 1627 2576 comicos
1655 2540 1788 2587 poetas

303 2613 533 2651 existimant.
585 2611 653 2650 His
685 2612 773 2650 viris
804 2612 899 2651 nihil
929 2617 1007 2650 tam
1036 2612 1219 2660 divinum,
1249 2610 1344 2650 nihil
1374 2614 1452 2650 tam
1481 2611 1673 2660 integrum
1701 2610 1786 2661 fuit,

304 2686 403 2736 quod
441 2698 518 2724 non
556 2686 707 2725 iocandi
743 2698 857 2724 causa
900 2686 1129 2724 obtererent.
1187 2685 1380 2724 Permulta
1415 2687 1564 2724 exstant
1600 2684 1784 2735 exempla,

305 2759 629 2798 evidentissimum
660 2759 760 2812 apud
782 2759 1075 2810 Aristophanem
1104 2759 1240 2810 ipsum.
1293 2759 1324 2796 A
1348 2758 1585 2810 Mytilenaeis
1606 2756 1785 2796 Cleonem
