2022 3282
791 210 1034 250 -9-

165 343 382 388 corruptum
413 351 494 376 esse
527 339 685 388 pecunia
717 338 997 387 Allantopolam
1031 338 1282 375 affirmantem
1315 336 1417 384 facit,
1450 336 1546 386 Equ.
1574 340 1650 375 834

164 425 242 463 sq.:
289 410 356 448 καί
395 409 428 449 σ’
460 402 737 456 ἐπιδείξω...
772 402 1094 460 δωροδοκήσαντ’
1128 409 1173 448 ἐκ
1212 406 1442 455 Μυτιλήνης
1479 410 1591 447 πλεῖν
1629 407 1653 453 ἢ

167 489 264 540 μνᾶς
293 482 608 537 τετταράκοντα.
670 484 792 533 Quam
831 485 1132 523 criminationem
1171 483 1284 534 plane
1321 496 1536 534 perversam
1571 497 1654 523 esse

165 559 331 598 ostendit
378 556 619 610 Β1οΥ5611.19)
698 559 880 609 Namque,
928 559 1028 610 quod
1075 557 1316 608 Thucydides
1359 560 1533 606 testatur,
1579 571 1655 596 non

167 633 299 681 Cleon,
331 633 398 672 sed
430 632 629 679 Diodotus,
673 633 752 671 eius
783 632 1039 681 adversarius,
1079 645 1146 682 pro
1176 631 1416 683 Mytilenaeis
1446 632 1655 670 orationem

165 707 310 745 habuit.
369 706 427 744 De
471 707 712 756 corruptione
756 706 822 745 illa
866 707 967 757 apud
1004 705 1265 757 Thucydidem
1310 705 1405 743 nihil
1450 706 1654 755 invenitur,

167 781 232 831 qui
263 784 364 819 certe
397 792 471 818 nou
494 780 697 829 omisisset,
730 781 762 818 si
793 793 868 818 non
900 781 981 830 ipse
1010 779 1102 818 talia
1129 792 1436 827 commemorare,
1468 783 1508 817 at
1527 783 1654 819 tamen

167 854 371 893 Diodotum
404 854 593 892 dicentem
625 854 762 903 facere,
794 855 1016 905 praesertim
1047 866 1132 892 cum
1165 853 1283 893 Cleon
1314 858 1351 891 et
1379 854 1461 904 ipse
1490 854 1656 893 Diodoto

166 929 334 967 obiicere
365 940 441 966 non
472 927 723 977 dubitaverit,
763 941 848 967 eum
889 941 971 972 esse
999 927 1162 978 pecunia
1192 931 1422 978 corruptum.
1487 928 1657 979 Namque

130 996 134 999 ’
168 1002 278 1041 valde
315 1005 418 1040 errat
448 1000 659 1040 Scholiasta
691 1001 846 1040 Luciani
885 1002 932 1040 ad
963 1002 1113 1040 Timon.
1148 1000 1261 1050 ἓὸΟ,
1300 1002 1364 1052 qui
1395 1001 1656 1052 Thucydidem

165 1076 257 1115 talia
293 1076 429 1114 afferre
467 1075 643 1114 affirmat.
705 1075 823 1114 Cuius
865 1076 980 1115 verba
1023 1075 1120 1114 haec
1165 1077 1273 1113 sunt:
1327 1078 1398 1119 τῆς
1438 1087 1481 1112 τε
1519 1072 1658 1121 νυκτὸς

167 1147 349 1195 ἐπιούσης
379 1146 578 1187 ἐλθόντων
601 1149 652 1194 ὡς
685 1147 804 1187 αὐτὸν
824 1153 905 1187 τῶν
937 1140 1237 1204 ἐπιδήμούντων
1257 1144 1437 1199 Ἀθήνῃσι
1458 1145 1657 1200 Λεσβίων,

165 1222 233 1262 καὶ
279 1215 379 1261 δέκα
432 1219 645 1268 ταλάντοις
690 1220 811 1261 αὐτὸν
857 1221 1040 1279 ἀργυρίου
1087 1220 1377 1278 μετελθόντων,
1424 1227 1658 1277 μεταπεῖσαι

165 1295 284 1336 πάλιν
320 1294 390 1335 τὸν
429 1287 568 1351 δῆμον.
629 1292 775 1346 Οὕτω,
813 1298 940 1347 addit,
978 1286 1243 1342 Θουκυδίδης.
1308 1296 1389 1335 Ηο6
1426 1296 1537 1347 plane
1575 1309 1658 1335 esse

166 1372 470 1411 commenticium
501 1375 672 1422 apparet.
723 1371 896 1422 Namque
928 1371 1031 1421 apud
1053 1370 1317 1422 Thucydidem
1349 1371 1444 1408 nihil
1473 1371 1659 1409 eiusmodi

165 1446 367 1485 invenitur.
427 1444 574 1484 Contra
603 1445 844 1496 Thucydides
875 1445 1020 1496 liquido
1053 1445 1218 1484 affirmat
1248 1445 1323 1493 (HI,
1358 1447 1408 1484 36
1434 1445 1518 1483 fin.:
1553 1441 1657 1482 Κλέ-

169 1533 223 1558 ων
245 1551 254 1558 .
279 1551 287 1559 .
309 1549 338 1567 .,
377 1516 490 1572 ὅςπερ
521 1517 588 1556 καὶ
618 1517 691 1562 τήν
721 1516 912 1574 προτέραν
944 1516 1159 1562 ἐνενικήκει
1192 1517 1290 1563 ὠςτε
1328 1518 1560 1556 ἀποκτεῖναι
1584 1550 1591 1557 .
1617 1551 1623 1558 .
1649 1550 1656 1557 .

165 1590 377 1648 παρελθὼν
415 1585 525 1638 αὖθις
565 1592 677 1648 ἔλεγε
712 1583 899 1642 τοιάδε),
941 1593 1121 1633 Cleonem
1155 1593 1197 1631 in
1238 1593 1427 1631 sententia
1465 1593 1537 1631 sibi
1574 1606 1659 1632 6011-

168 1668 324 1716 stitisse,
355 1680 440 1706 eum
471 1679 547 1706 non
577 1671 746 1706 mutasse
778 1669 1018 1707 sententiam.
1079 1667 1172 1716 Iam,
1208 1679 1322 1718 quam
1355 1679 1454 1706 vana
1486 1668 1535 1706 sit
1566 1667 1661 1706 haec

168 1743 395 1791 criminatio⁷
427 1754 473 1780 ex
503 1754 547 1780 eo
578 1745 750 1792 apparet,
786 1743 886 1793 quod
920 1742 1081 1792 pecunia
1112 1741 1212 1792 apud
1245 1741 1498 1780 Scholiastam
1530 1741 1660 1780 decem

167 1815 419 1864 talentorum,
464 1815 564 1867 apud
608 1815 734 1865 ipsum
772 1815 1071 1866 Aristophanem
1118 1815 1202 1866 plus
1247 1827 1360 1865 quam
1406 1815 1661 1865 quadraginta

170 1890 361 1929 minarum
391 1893 541 1928 tantum
571 1890 804 1928 nominatur.
859 1889 1060 1928 Probabile
1090 1890 1184 1927 mihi
1215 1889 1376 1937 videtur,
1407 1893 1525 1927 totam
1557 1889 1661 1928 illam

169 1964 397 2003 sententiam
427 1962 662 2002 Scholiastae
693 1967 822 2002 natam
856 1977 939 2002 esse
969 1976 1044 2002 non
1076 1976 1120 2001 ex
1151 1963 1320 2002 fontibus
1352 1964 1479 2011 certis,
1520 1963 1583 2002 sed
1617 1977 1661 2002 ex

169 2038 298 2077 verbis
328 2043 464 2088 poetae
494 2050 570 2076 non
600 2042 701 2077 recte
733 2037 942 2088 explicatis,
995 2037 1104 2085 Quod
1137 2037 1253 2076 habet
1275 2037 1493 2076 Scholiasta
1513 2037 1658 2076 Aristo-

169 2112 326 2162 phanis‘
347 2112 411 2161 (ad
439 2110 534 2163 Equ.
569 2125 602 2150 v.
633 2110 751 2161 834),
792 2111 931 2150 nullius
972 2105 1155 2150 momenti
1191 2116 1267 2159 est,
1307 2125 1392 2150 cum
1426 2111 1536 2162 plane
1565 2112 1662 2150 nihil

169 2186 262 2225 insit
291 2187 392 2234 novi,
424 2185 525 2236 quod
552 2198 629 2224 non
650 2198 695 2224 ex
725 2190 860 2236 poetae
881 2185 1006 2224 verbis
1036 2186 1273 2235 descriptum
1298 2187 1359 2233 sit,
1391 2190 1522 2224 contra
1544 2186 1662 2223 insint

170 2260 357 2310 quaedam
411 2272 488 2298 non
539 2263 715 2298 accurate
767 2260 917 2298 tradita.
999 2260 1139 2298 Narrat
1188 2260 1287 2297 enim
1339 2259 1450 2298 haec:
1504 2256 1661 2305 Ὄντως

171 2323 249 2372 εἴδω
299 2323 465 2376 δόκησεν
501 2333 521 2370 ὁ
553 2329 696 2371 Κλέων
727 2331 772 2371 ὲκ
802 2329 1032 2378 Μυτιλήνης
1065 2331 1126 2382 (οὐ
1159 2331 1277 2387 μόνον
1310 2323 1353 2370 δὲ
1383 2334 1429 2370 το
1463 2324 1572 2387 δῶρα
1605 2325 1661 2370 δι-

172 2396 282 2444 δόναι
312 2405 378 2444 καὶ
409 2404 647 2455 ἀναπείθειν,
690 2404 796 2444 ἀλλὰ
827 2405 893 2444 καὶ
924 2404 976 2444 τα
1007 2404 1256 2461 λαμβάνειν.)
1287 2429 1297 2446 *.
1322 2437 1330 2444 .
1357 2438 1364 2445 .
1388 2405 1568 2458 Sequitur
1599 2407 1660 2446 de-

170 2484 314 2519 cretum
355 2479 449 2519 illud
485 2481 794 2520 Atheniensium:
844 2485 892 2532 τῇ
935 2471 1144 2534 δευτεραίᾳ
1183 2473 1227 2518 δὲ
1271 2484 1563 2531 μετανοοῦντας
1603 2482 1661 2518 αἰ-

170 2550 360 2608 σθόμενος
390 2552 452 2592 ἐπὶ
480 2558 560 2598 τοῖς
587 2552 787 2608 προτέροις
809 2552 1020 2610 γνωσθεῖσι
1045 2544 1243 2601 Διόδοτος,
1275 2548 1326 2599 εἷς
1359 2552 1426 2591 καὶ
1459 2552 1575 2599 αυτὸς
1607 2550 1660 2591 ὢν

170 2630 250 2665 τῶν
278 2624 596 2682 πολιτευομένων
627 2626 734 2676 τότε,
767 2640 980 2683 γενομενης
1013 2618 1069 2673 δὶς
1091 2631 1160 2672 τῆς
1191 2625 1416 2675 ἐκκλησίας,
1448 2626 1513 2664 καὶ
1545 2618 1660 2664 οὐδὲν

242 2782 283 2826 19)
308 2787 342 2816 111
365 2787 460 2827 praef,
481 2787 528 2818 ad.
554 2787 664 2827 Equit.‚
691 2788 714 2824 I,
741 2788 793 2817 83.
