1956 3227
909 204 1183 245 -10-

305 333 581 386 ἀντιλέγοντος
617 335 687 369 τοῦ
727 329 910 375 Κλέωνος
947 329 1003 379 (at
1033 331 1080 369 cf.
1105 330 1290 381 Thucyd,
1331 330 1396 381 qui
1425 330 1485 368 his
1517 330 1641 368 verbis
1672 328 1784 379 plane

303 402 575 458 contrariatur)
622 404 687 443 καὶ
731 401 1102 458 παρακελευομένου
1140 409 1221 449 τοῖς
1267 394 1424 448 δόξασιν
1456 394 1564 447 ἅπαξ
1595 400 1785 457 ἐμμένειν,

302 477 514 534 παρελθὼν
546 482 796 534 μεταγνῶναι
827 476 919 522 τοὺς
949 474 1170 522 Ἀθηναίους
1201 479 1366 516 ἔπεισεν.
1411 490 1443 516 e.
1471 489 1502 527 q.
1525 489 1556 515 s.
1583 507 1592 515 .
1616 507 1624 515 .
1649 506 1658 515 .
1679 472 1786 529 παρὰ

302 557 493 591 τοσοῦτον
534 543 714 590 κινδύνου·
757 553 781 595 η
819 547 1030 594 Μυτιλήνη
1067 544 1201 593 ἦλθεν.
1262 548 1338 588 ἀπὸ
1378 547 1525 594 ταύτης
1569 542 1635 587 οὖν
1672 561 1785 603 φησιν

302 625 422 665 αὐτὸν
451 619 654 671 ἐπιδείξειν
682 623 728 662 τὸ
754 623 937 679 ἀργύριον
959 622 1165 678 εἰληφότα,
1193 621 1424 668 λεληθότως
1455 618 1500 661 δὲ
1527 619 1645 661 πάλιν
1667 620 1786 660 αὐτὸν

302 701 352 745 εἰς
390 698 584 754 ὡμότητα
632 689 860 749 διαβάλλων
904 701 984 734 τῶν
1020 695 1190 750 τρόπων.
1239 697 1283 734 οὐ
1322 694 1397 751 γαρ
1437 695 1617 750 φαίνεται
1653 693 1787 746 λαβὼν

301 771 404 815 πλὴν
432 769 456 815 ἢ
480 777 576 827 μνᾶζς
605 770 644 826 μ’
665 768 774 826 παρα
803 775 882 808 τῶν
907 767 1186 813 Μυτιληναίων
1208 771 1228 808 ὁ
1251 767 1391 808 Κλέων
1423 767 1574 824 μισθόν.
1613 766 1787 813 πιθανῶς

303 838 347 884 δὲ
379 845 583 885 ἐπλάσατο
614 846 733 884 αὐτὸν
763 842 975 898 εἰληφέναι,
1009 834 1145 886 ἐπειδὴ
1176 841 1361 897 πρότερος
1383 841 1644 896 ἐκεῖνόςφησιν
1666 840 1786 880 αὐτὸν

303 911 401 957 δέκα
431 910 622 974 μυριάδας
651 918 804 963 πόλεως
842 914 1091 971 κεκλοφέναι.
1135 917 1348 971 φιλονεικεῖ
1375 908 1418 954 δὲ
1451 915 1490 954 ἐν
1520 920 1637 954 πᾶσιν
1668 913 1788 954 αὐτὸν

302 990 537 1046 ἀμείβεσθαι
568 998 650 1039 τοῖς
679 993 786 1037 ἴσοις.

387 1065 492 1115 Quae
522 1079 609 1105 cum
639 1067 692 1105 ita
723 1067 811 1114 sint,
852 1066 990 1114 omnia,
1030 1077 1126 1116 quae
1157 1065 1217 1103 hic
1246 1065 1324 1103 illic
1360 1065 1461 1114 apud
1493 1064 1786 1114 Aristophanem

301 1141 348 1180 de
371 1140 523 1180 Cleonis
553 1141 680 1178 animo
711 1140 835 1178 venali
866 1143 1080 1187 narrantur,
1112 1139 1270 1177 minima
1298 1138 1374 1176 fide
1405 1138 1519 1187 digna
1539 1150 1623 1176 esse
1653 1137 1787 1176 elucet.

302 1215 470 1258 Accedit,
504 1214 606 1265 quod
637 1214 800 1252 eundem
822 1213 1015 1260 Cleonem,
1047 1225 1160 1263 quem
1191 1216 1409 1262 corruptum
1435 1212 1552 1250 fuisse
1583 1211 1790 1250 adversarii

303 1289 595 1335 asseverabant,
635 1300 711 1326 non
744 1300 830 1325 cum
861 1287 1040 1325 divitibus
1072 1287 1217 1325 civibus
1248 1287 1490 1336 conspirasse
1521 1289 1686 1331 constat,
1724 1286 1790 1324 sed

303 1362 406 1412 plebi
449 1362 652 1400 servivisse
698 1366 736 1399 et
774 1374 858 1399 cum
903 1360 1009 1399 faece
1054 1360 1185 1410 populi
1230 1360 1505 1399 consuetudine
1549 1360 1790 1399 coniunctum

303 1437 432 1475 fuisse.
493 1435 604 1474 Certe
634 1436 737 1473 domi
770 1434 889 1474 Cleon
927 1436 1126 1484 pecuniam
1168 1435 1337 1484 accipere
1368 1446 1445 1472 non
1478 1434 1603 1484 potuit
1633 1437 1671 1472 et
1699 1434 1792 1472 foris

304 1523 389 1549 eum
419 1510 492 1548 hoc
522 1522 598 1548 non
634 1510 769 1547 fecisse
802 1510 887 1559 quis
920 1513 977 1547 est
1007 1509 1099 1558 quin
1138 1508 1281 1556 credat,
1321 1521 1407 1546 cum
1437 1511 1580 1546 certum
1612 1508 1672 1556 sit,
1705 1520 1790 1545 eum

303 1585 465 1634 optimas
509 1584 728 1622 occasiones
774 1583 1101 1633 praetermisisse?
1178 1581 1278 1630 Quid
1324 1581 1542 1632 Mytilenaei
1584 1580 1653 1630 illi,
1700 1581 1790 1631 quid

302 1658 593 1696 Lacedaemonii
630 1670 761 1707 pacem
798 1661 970 1706 petentes
1008 1656 1216 1703 dedissent,
1265 1663 1304 1694 ut
1350 1656 1474 1693 virum
1517 1659 1646 1693 tantae
1690 1655 1790 1705 apud

306 1732 455 1782 plebem
487 1732 726 1770 auctoritatis
758 1731 830 1769 sibi
861 1730 1132 1769 conciliarent?

388 1804 462 1844 Sed
498 1806 700 1844 redeamus
737 1806 813 1843 iam
851 1805 897 1843 ad
937 1804 1216 1842 Acharnenses.
1290 1803 1347 1842 Ex
1385 1816 1443 1856 vv.
1477 1805 1556 1841 300
1593 1814 1696 1853 sqq.:
1742 1802 1792 1846 ὡς

305 1877 506 1934 μεμίσηκά
538 1892 580 1917 σε
615 1875 799 1923 Κλέωνος
831 1880 888 1916 ἔτι
920 1877 1094 1932 μ”·ὶ’)·.λον7
1139 1874 1179 1914 ὃν
1221 1874 1299 1932 ἐγὼ
1336 1880 1448 1930 τεμῶ
1479 1881 1601 1914 τοῖσιν
1638 1875 1793 1913 ἱππεῦσι

304 1951 566 2008 καττύματα,
605 1958 781 2003 apparet,
819 1957 1005 2003 quantum
1045 1952 1160 1990 fuerit
1195 1955 1330 2002 poetae
1367 1952 1406 1989 in
1438 1950 1619 1990 Cleonem
1649 1949 1791 1988 odium.

304 2029 422 2068 Cuius
461 2028 537 2066 odii
575 2040 730 2066 causam
772 2031 887 2077 poeta
925 2026 1148 2076 saepissime
1186 2027 1269 2075 ipse
1307 2025 1426 2064 affert.
1489 2024 1648 2063 Constat
1677 2023 1792 2071 enim,

304 2103 598 2153 Aristophanem
620 2114 643 2140 a
668 2100 808 2140 Cleone
829 2101 984 2151 saepius
1014 2100 1055 2138 in
1085 2100 1146 2138 ius
1178 2104 1351 2138 vocatum
1383 2111 1478 2137 esse.
1531 2097 1617 2146 Qua
1636 2109 1677 2136 re
1707 2109 1791 2135 cnm

304 2176 446 2215 clarum
473 2176 554 2225 fiat,
585 2175 876 2214 infestissimum
906 2175 1024 2212 fuisse
1056 2178 1206 2224 poetam
1239 2173 1463 2223 demagogo,
1494 2172 1608 2222 digna
1631 2170 1792 2218 videtur,

304 2251 351 2289 de
389 2263 464 2302 qua
501 2250 629 2300 paullo
667 2250 820 2288 uberius
862 2244 1138 2295 disse1·atur.²⁰)
1214 2246 1342 2296 Atque
1385 2250 1444 2284 ter
1487 2249 1643 2296 poetam
1686 2257 1791 2283 reum

305 2326 447 2364 factum
477 2337 562 2363 esse
594 2323 798 2362 verisimile
831 2323 994 2371 videtur,
1035 2323 1114 2361 sive
1145 2322 1193 2360 ab
1223 2322 1308 2371 ipso
1339 2319 1479 2360 Cleone
1509 2321 1706 2358 accusatus
1737 2321 1796 2357 est

307 2400 386 2438 sive
424 2399 472 2438 ab
511 2398 585 2437 alio
625 2410 718 2448 quo,
760 2410 872 2447 quem
912 2396 975 2435 ille
1014 2396 1301 2434 subornaverat.
1364 2394 1530 2432 Primum
1568 2393 1673 2431 brevi
1709 2396 1796 2442 post

305 2472 536 2524 Babylonios
567 2472 720 2510 doctam
753 2468 830 2523 (Ol.
856 2472 920 2520 88,
955 2465 1150 2521 2:426)
1184 2468 1302 2509 Cleon
1333 2469 1367 2507 ei
1396 2467 1497 2506 diem
1527 2467 1632 2507 dixit.
1683 2465 1794 2515 Quod

306 2551 468 2598 apparet
498 2559 542 2585 ex
572 2545 668 2585 Ach.
691 2559 750 2584 vv,
775 2547 853 2583 377
887 2556 991 2595 sqq.:

374 2656 420 2701 20)
446 2661 490 2690 De
515 2670 574 2699 qua
598 2669 628 2689 re
653 2660 690 2690 cf.
716 2659 811 2697 Bergk
836 2659 916 2697 apud
943 2658 1078 2688 Schmidt
1106 2656 1250 2690 Zeitschr.
1276 2656 1323 2686 fiir
1348 2653 1732 2686 Geschichtswissenschaft
1755 2653 1792 2689 11,

308 2719 370 2748 ‘208
399 2727 466 2756 sqq.
492 2718 616 2756 eiusque
646 2717 884 2746 dissertationem
916 2718 983 2745 ante
1017 2715 1177 2744 editionem
1209 2713 1307 2751 Frgm.
1337 2722 1413 2742 com.
1441 2712 1543 2742 Graec.
1573 2711 1663 2740 Mein.
1694 2710 1731 2746 11,
1763 2711 1793 2746 2,

309 2776 383 2806 937,
409 2775 561 2813 Aristoph.
579 2774 652 2803 Ach.
680 2774 741 2804 377
769 2783 846 2812 sqq„
874 2774 938 2803 502
965 2782 1021 2811 sq,
1052 2773 1116 2801 630
1142 2780 1221 2809 sqq„
1249 2771 1312 2800 659
1338 2779 1395 2808 sq„
1420 2769 1511 2807 Vesp.
1534 2769 1628 2798 1284.
