2022 3282
801 203 1073 243 -21-

201 328 272 376 Qui
310 341 458 376 versus,
498 329 595 368 sicut
633 328 697 368 illa
735 329 886 369 Cleonis
922 329 1125 378 descriptio
1159 342 1216 367 vv.
1250 330 1327 367 752
1360 341 1441 379 sqq.
1476 342 1520 367 ex
1552 329 1686 379 Vespis

200 400 329 452 (1030
359 399 459 453 sqq.)
490 403 648 453 repetita
679 403 737 450 (cf.
771 415 906 453 supra,
945 402 1104 440 fortasse
1136 403 1248 440 etiam
1282 415 1339 440 vv.
1374 403 1451 440 217
1485 415 1582 453 sqq„
1621 404 1685 453 qui

198 475 236 514 in
269 474 447 515 Cleonem
487 480 662 526 spectare
699 476 907 524 videntur,)
946 477 1020 515 iam
1059 475 1183 513 adhuc
1223 475 1307 514 vivo
1345 475 1553 525 demagogo
1584 489 1682 514 com-

199 550 328 601 posita
358 550 533 589 videntur
563 563 666 599 esse,
709 563 792 589 cum
826 550 1037 600 praesentis
1075 549 1198 587 forma
1236 546 1358 586 ἐσθίει
1395 552 1505 600 poeta
1544 553 1682 588 utatur.

198 621 342 662 Contra
372 637 430 662 vv,
455 625 533 664 268
566 636 669 674 sqq.:

1015 693 1061 733 τὸ
1093 686 1204 734 δεῖνα
1234 692 1309 750 γαρ

470 767 648 808 ἀπόλωλ’
669 766 922 813 Ἀθηναίοισιν
955 767 1219 823 ἁλετρίβανος,

464 844 484 881 ὁ
516 842 783 895 βυρσοπώλης,
816 841 855 889 ὃς
886 840 1011 882 ἐκύκα
1041 841 1112 885 τὴν
1144 834 1337 892 Ἐλλάδα,

195 917 362 968 itemque
393 931 452 956 vv.
477 921 554 957 313
588 931 694 969 sqq.:

397 988 629 1042 εὐλαβεῖσθέ
660 1005 724 1029 νυν
757 990 905 1029 ἐκεῖνον
934 989 1004 1029 τὸν
1035 987 1218 1028 κάτωθεν
1250 988 1443 1046 κέρβερον,

396 1063 451 1118 μῆ-
481 1057 702 1118 παφλάζων
733 1064 799 1103 καὶ
830 1062 1034 1120 κεκραγὼς
1065 1063 1128 1110 ὥς
1118 1076 1188 1119 -ερ
1219 1063 1318 1108 ἡνίκ’
1342 1057 1476 1103 ἐνθάδ’
1498 1059 1558 1113 ἦν,

399 1129 585 1194 ὲυποὸὼν
615 1140 681 1193 ήυ
671 1143 707 1176 ῖν
737 1136 902 1195 [ένηται
933 1136 1005 1182 τήν
1038 1136 1127 1176 θεὸν
1161 1151 1214 1194 μη
1248 1132 1457 1184 ξελκύσαι,

164 1198 168 1201 ⁴
195 1218 308 1264 atque
339 1226 374 1252 v,
400 1214 502 1252 647·

395 1291 528 1325 ταῦτα
559 1277 594 1324 δ’
613 1279 661 1330 ἦν
693 1287 712 1325 ὁ
745 1277 846 1342 δρῶν
878 1283 1133 1341 βυρσοπώλης

197 1364 236 1400 et
265 1373 326 1398 vv.
350 1363 425 1400 651
461 1374 566 1412 sqq.:

603 1431 691 1473 αττ
713 1430 759 1472 ἂν
791 1427 857 1472 οὖν
888 1431 1007 1490 λέγῃς
1038 1432 1199 1484 ἐκεῖνον

600 1509 659 1546 κεί
690 1513 838 1563 πανοῦρ
841 1521 909 1564 (ος
939 1509 998 1556 ἠν,
1031 1505 1088 1545 ὅτ
1111 1500 1192 1555 ἔζης,

598 1581 666 1621 καὶ
695 1580 817 1628 λάλος
847 1581 916 1621 καὶ
947 1579 1194 1637 συκοφάντης

600 1655 666 1695 καὶ
697 1654 895 1710 κύκηθρον
927 1655 994 1694 καὶ
1023 1657 1258 1711 τάρακτρον,

598 1727 715 1768 ταύθ’
737 1722 1007 1775 ἁπαξάπαντα
1038 1730 1119 1768 νυνὶ

603 1803 694 1850 τοὺς
725 1808 894 1843 σεαυτοῦ
925 1795 1126 1860 λοιδορεῖς.

248 1893 320 1920 nec
347 1893 422 1924 non
457 1894 490 1932 v.
516 1881 615 1919 669:
656 1879 676 1916 ὁ
707 1881 794 1923 νοῦς
825 1875 899 1933 γαρ
930 1878 1042 1934 ’ἡμῶν
1072 1872 1118 1922 ἦν
1149 1877 1234 1918 τότ’
1256 1880 1295 1918 ἐν
1324 1886 1405 1926 τοῖς
1437 1880 1628 1930 σκύτεσιν,

193 1955 336 1996 Cleone
364 1958 514 1993 mortuo
545 1955 708 2004 scriptos
740 1966 822 1992 esse
853 1958 1023 2004 apparet.
1086 1953 1212 2002 Quare
1242 1955 1272 1993 si
1306 1968 1433 1994 verum
1465 1960 1540 2000 est,
1582 1958 1681 2008 quod

193 2029 362 2072 defendit
384 2029 554 2081 Droysen
577 2028 619 2079 (I,
653 2023 765 2081 355),
798 2028 932 2066 Pacem
954 2028 1012 2067 bis
1041 2031 1165 2066 actam
1187 2041 1282 2077 esse,
1317 2031 1463 2079 magnis
1486 2030 1681 2082 Dionysii<

195 2116 380 2150 annorum
415 2104 494 2142 422
527 2107 564 2141 et
595 2104 696 2152 421,
736 2105 837 2141 certe
873 2101 928 2140 illi
967 2102 1040 2140 loci
1078 2102 1216 2153 priori,
1254 2104 1294 2142 hi
1327 2105 1513 2143 secundae
1545 2106 1683 2145 actioni

193 2178 240 2217 tr'
271 2177 418 2231 uendae
447 2182 547 2226 sunt,
580 2190 664 2216 eum
697 2177 788 2216 satis
821 2180 982 2226 constet,
1020 2176 1199 2216 Cleonem
1232 2178 1304 2216 sub
1335 2182 1485 2229 tempus
1516 2185 1683 2218 auctum-

192 2179 279 2299 οἱ
308 2253 398 2292 anni
429 2252 508 2291 422
540 2252 694 2304 obiisse.
757 2252 826 2301 (De
856 2256 1024 2302 tempore
1057 2251 1184 2290 obitus
1215 2251 1368 2291 Cleonis
1400 2253 1498 2292 infra
1531 2254 1684 2293 uberius

192 2325 477 2378 disputabitur.)
536 2329 663 2378 Atque
702 2327 895 2376 videmus,
937 2326 1098 2364 eundem
1138 2339 1220 2365 esse
1264 2331 1399 2378 poetie
1438 2328 1605 2366 animum
1645 2329 1683 2367 in

193 2405 384 2449 mortuum
406 2406 520 2453 atque
549 2402 590 2440 in
611 2402 738 2440 vivum
760 2400 955 2447 Cleonem,
987 2414 1151 2472 eumque
1182 2414 1249 2452 per
1278 2415 1390 2440 omne
1413 2403 1511 2441 vitae
1534 2411 1683 2453 tempus

193 2474 323 2514 odium
360 2487 471 2512 suum
514 2475 554 2512 in
597 2475 848 2525 demagogum
895 2488 968 2513 non
1009 2474 1184 2514 omisisse
1223 2475 1363 2514 docent
1398 2476 1472 2514 duo
1511 2477 1574 2516 alii
1613 2477 1683 2517 loci

192 2561 237 2588 ex
270 2547 391 2588 Ranis
429 2547 613 2596 desumti,
660 2549 798 2600 quibus
837 2549 1018 2590 Cleonem
1055 2550 1094 2588 in
1136 2549 1294 2588 Tartaro
1333 2550 1513 2601 depingit.
1590 2552 1683 2591 Dico

193 2635 330 2662 versus
362 2625 443 2662 570
474 2635 577 2674 sqq.:

422 2694 478 2734 ἴθι
509 2688 560 2739 δ’),
591 2694 761 2735 κάλεσον
791 2697 863 2735 τὸν
894 2695 1120 2751 προστάτην
1152 2695 1323 2737 Ικλέωνόι
1355 2712 1434 2753 μοι,

421 2766 470 2807 ἵν’
492 2767 614 2808 αὐτὸν
646 2764 922 2825 ἐπιτρίψωμεν,
954 2794 1006 2798 -

1013 2803 1022 2821 ³
