2022 3282
791 179 1064 220 —33.-

184 320 303 360 paene
336 319 530 358 nunquam
562 319 629 345 suo
651 306 790 345 iudicio
821 310 979 345 utuntur
1009 318 1132 356 neque
1160 318 1259 344 nova.
1280 305 1466 356 quaedam
1499 305 1667 353 tradunt,

183 381 247 421 sed
286 380 398 431 plane
437 380 670 432 Thucydidis
711 385 748 419 et
777 380 1043 430 Aristophanis
1084 380 1349 417 auctoritatem
1381 384 1605 430 sequuntur.
1618 376 1664 427 43)

181 455 496 494 Perlustravimus
526 454 822 504 Aristophanem
861 457 976 503 atque
1017 453 1194 501 vidimus,
1233 453 1351 492 multa
1389 453 1540 504 quidem
1580 466 1668 492 vera

181 530 230 568 ab
268 542 311 569 eo
348 530 486 578 afferri,
531 533 569 567 at
605 533 732 567 tamen
773 533 922 577 poetam
961 528 1106 566 comica
1143 527 1297 566 licentia
1326 540 1437 566 usum
1472 540 1668 580 nunquam

180 603 396 652 dubitasse,
442 603 570 642 omnia
612 602 783 641 facinora
828 601 960 642 Cleoni
1005 602 1188 650 obiicere,
1236 614 1353 653 quare
1398 601 1540 641 nullam
1587 603 1669 641 eius

179 677 330 717 iudiciis
367 677 633 717 auctoritatem
672 676 912 715 tribuendam
958 689 1053 715 esse.
1129 676 1323 725 Vidimus,
1364 689 1411 715 ne
1457 676 1667 728 Thucydidi

180 752 334 803 quidem
364 752 404 790 in
434 752 613 791 omnibus
645 751 758 790 rebus
790 750 901 789 fidem
942 750 1161 789 habendam
1192 763 1287 800 esse,
1328 755 1369 789 ut
1399 750 1531 790 Cleoni
1569 756 1669 790 certe

180 826 425 877 infestissimo
455 830 493 864 et
521 826 563 864 in
592 826 706 864 rebus
736 824 902 876 politicis
933 825 1160 864 adversario.
1217 826 1312 864 Nam
1345 838 1576 877 quamquam
1606 838 1668 864 res

182 901 285 952 ipsas
329 899 621 950 diligentissime
665 900 818 949 afferat,
866 905 993 938 tamen
1030 901 1066 938 in
1106 900 1276 949 iudiciis,
1322 913 1420 951 quae
1465 900 1510 938 de
1556 900 1669 939 rebus

181 974 346 1025 politicis
367 975 520 1024 habeat,
543 988 618 1013 non
639 987 789 1024 semper
811 967 1005 1013 vere'eum
1026 974 1252 1014 iudicavisse
1272 980 1374 1013 recte
1396 974 1490 1013 vidit
1511 974 1669 1014 Oncken

180 1049 320 1099 (Athen
351 1063 385 1088 u.
416 1049 559 1098 Hellas,
593 1050 631 1099 2,
651 1050 749 1088 2:29:
792 1049 1034 1100 Thucydides
1071 1049 1122 1087 ist
1159 1062 1261 1088 zwar
1293 1062 1423 1100 wegen
1454 1050 1579 1088 seiner
1609 1062 1668 1099 ge-

178 1123 451 1163 schichtlichen
484 1124 620 1175 Treue,
663 1123 755 1162 aber
785 1125 893 1163 nicht
923 1136 1053 1174 wegen
1083 1125 1208 1163 seines
1245 1124 1468 1175 politischen
1501 1123 1668 1162 Urtheils

178 1194 534 1252 mustergiiltig).⁴4)
601 1198 729 1248 Quare
775 1211 1007 1250 quamquam
1052 1211 1130 1238 non
1172 1200 1227 1238 ita
1271 1211 1400 1238 severe
1440 1198 1487 1237 de
1528 1198 1669 1238 Cleone

154 1272 374 1321 'iudicavit,
409 1276 539 1312 tamen
577 1274 738 1325 scriptor
775 1280 948 1312 naturam
987 1277 1101 1325 atque
1139 1273 1308 1312 indolem
1339 1274 1410 1312 viri
1448 1272 1549 1311 illius
1581 1285 1669 1312 vere

183 1345 377 1398 popularis
420 1360 554 1399 parum
599 1347 830 1387 intellexisse
875 1348 968 1387 mihi
1005 1348 1165 1387 videtur.
1231 1347 1351 1386 Verus
1390 1344 1509 1398 igitur
1549 1347 1668 1387 Cleon

179 1433 302 1472 neque
340 1421 657 1473 Aristophanicus
701 1435 826 1474 neque
857 1423 1117 1474 Thucydidius
1162 1427 1232 1471 est,
1279 1435 1512 1474 quamquam
1558 1422 1669 1461 facile

180 1496 359 1545 concedo,
391 1496 652 1548 Thucydidem
686 1497 802 1537 multo
834 1498 988 1548 propius
1018 1498 1064 1537 ad
1098 1498 1294 1537 veritatem
1317 1499 1523 1537 accessisse
1554 1510 1668 1549 quam

177 1569 487 1623 Aristophanem.
534 1571 648 1611 Certe
668 1573 823 1611 minime
846 1573 903 1611 vir
932 1572 980 1611 ab
1011 1573 1114 1611 omni
1145 1576 1252 1623 parte
1273 1585 1412 1624 pravus
1440 1585 1484 1611 ac
1504 1585 1667 1624 nequam

177 1645 377 1685 habendus
408 1649 467 1686 est
497 1650 534 1685 et
564 1650 715 1686 tantum
745 1660 830 1687 eam
860 1647 909 1686 ob
929 1659 1009 1685 rem
1039 1647 1080 1685 in
1112 1647 1292 1686 invidiam
1324 1648 1494 1686 omnium
1521 1651 1668 1699 tempo-

177 1732 262 1765 rum
291 1720 440 1769 incidit,
478 1721 568 1772 quia
597 1721 672 1760 nisi
700 1722 748 1760 ab
779 1722 860 1761 eius
889 1721 1054 1760 inimicis
1092 1735 1212 1772 paene
1249 1735 1271 1761 a
1300 1721 1404 1760 nullo
1435 1726 1588 1762 auctore
1623 1723 1668 1761 de

177 1806 222 1833 eo
256 1794 440 1834 traditum
479 1799 538 1835 est
555 1805 782 1848 ‘omnesque
820 1796 887 1847 qui
923 1800 1012 1847 post
1048 1797 1129 1835 eius
1167 1799 1328 1835 aetatem
1366 1798 1553 1845 vixerunt,
1594 1796 1669 1848 ple-

178 1880 339 1919 rumque
369 1869 484 1909 etiam
515 1883 595 1910 rem
625 1871 664 1910 in
694 1871 820 1910 maius
852 1875 1049 1922 augentes,
1080 1869 1354 1922 Aristophanis
1385 1871 1555 1910 divinam
1585 1883 1669 1910 eam

178 1942 334 1994 quidem
363 1943 431 1984 sed
458 1943 707 1984 falsissimam
737 1944 1071 1984 adumbrationem
1102 1945 1222 1984 secuti
1252 1949 1353 1984 sunt.
1412 1945 1453 1984 ln
1474 1946 1669 1997 republica

177 2015 480 2064 administranda
508 2032 585 2058 non
615 2019 750 2058 leviter
780 2018 964 2059 Cleonem
994 2032 1074 2058 rem
1105 2020 1242 2069 egisse,
1274 2020 1342 2058 sed
1374 2032 1523 2059 summo
1556 2033 1668 2072 opere

177 2090 316 2151 civium
335 2091 451 2132 saluti
470 2105 619 2144 semper
638 2094 846 2143 studuisse,
871 2096 1033 2133 testatur
1055 2093 1284 2134 Plutarchus
1307 2090 1419 2147 (reip.
1441 2107 1520 2145 ger.
1544 2107 1668 2146 praec.

175 2177 237 2217 pg.
271 2167 366 2217 805,
396 2168 432 2216 6,
461 2168 528 2218 12,
560 2168 606 2208 cf.
639 2168 798 2208 Oncken
827 2164 943 2221 init),
975 2168 1042 2220 qui
1077 2168 1257 2208 Cleonem
1288 2169 1420 2208 amicis
1451 2171 1669 2210 convocatis

224 2239 382 2287 ‘'citiam
418 2242 659 2282 renuntiasse
698 2247 840 2293 narrat,
880 2256 927 2282 ne
964 2242 1223 2294 impediretur,
1265 2245 1469 2295 quominus
1501 2245 1582 2284 sine
1611 2246 1670 2284 ira

177 2317 217 2363 et
271 2315 378 2355 tudio
408 2318 531 2356 totum
558 2316 808 2373 ¹reipublicae
847 2330 886 2357 se
924 2316 1089 2356 dederet.
1156 2317 1247 2357 Fuit
1284 2317 1404 2358 Cleon
1435 2319 1492 2357 vir
1531 2331 1669 2370 magno

175 2387 330 2439 ingenio
362 2389 557 2440 praeditus
586 2395 702 2444 atque
732 2404 882 2432 summa
911 2391 1088 2431 facultate
1117 2391 1282 2442 dicendi,
1323 2405 1463 2444 magna
1498 2398 1536 2433 et
1567 2394 1669 2434 domi

213 2577 216 2582 ¹
242 2538 291 2584 43)
315 2543 355 2575 ef.
378 2544 517 2584 Droysen
539 2545 564 2582 Ι,
595 2546 654 2576 88:
693 2546 763 2576 Man
786 2547 890 2577 wende
919 2546 1003 2577 nicht
1027 2520 1104 2581 ein?
1122 2547 1190 2577 dass
1218 2547 1251 2584 ja
1282 2547 1335 2576 das
1367 2547 1669 2579 ubereinsfimmende

175 2599 320 2639 Zeugniss
344 2600 398 2630 des
420 2601 606 2632 Alterthums
631 2612 724 2641 gegen
748 2603 843 2633 Kleon
866 2605 920 2633 sei.
965 2605 1036 2633 Was
1062 2604 1130 2634 hilft
1155 2605 1203 2634 die
1227 2604 1301 2633 Zahl
1326 2605 1438 2633 citiner
1461 2606 1669 2635 Auton'tiiten?

175 2656 261 2687 mehr
290 2657 362 2687 oder
392 2659 509 2688 minder
537 2659 578 2688 ist
613 2659 682 2688 dem
713 2659 908 2698 Thukydides
944 2661 1016 2689 oder
1053 2670 1104 2698 gar
1137 2661 1189 2690 der
1220 2661 1365 2690 Komodie
1403 2661 1667 2701 uachgesprochen

175 2713 298 2745 worden
321 2717 388 2750 cet„
414 2724 473 2745 von
497 2715 592 2745 Kleon
615 2715 699 2753 giebt
721 2717 764 2745 sie
789 2717 837 2746 ein
862 2717 1083 2747 scheussliches
1108 2717 1252 2747 Zerrbild.

242 2767 289 2810 ⁴4)
316 2770 513 2802 Consentiunt
536 2771 642 2807 Broch,
668 2782 708 2811 pg
740 2775 779 2802 22
807 2778 835 2803 et
860 2773 996 2811 Droysen
1021 2774 1043 2809 1,
1071 2775 1111 2804 86
1138 2778 1167 2803 et
1192 2775 1244 2804 89.
