1989 3216
896 201 1174 241 -26-„

287 328 376 360 sunt
406 321 480 372 (cp.
507 321 586 373 50).
648 324 911 375 Thucydides,
951 330 992 365 ut
1022 327 1140 377 solet,
1180 329 1270 379 quid
1309 329 1392 379 ipse
1421 329 1468 368 de
1503 331 1575 369 hac
1604 343 1646 369 re
1675 331 1768 371 iudi—

286 395 447 444 caverit,
486 409 562 434 non
592 398 712 446 affert,
753 399 825 436 nisi
856 399 940 450 quis
972 401 1097 439 verbis
1132 401 1207 440 iilis
1239 400 1312 452 (cp.
1336 405 1401 447 49,
1435 405 1474 451 4)
1505 407 1670 458 πρᾶγμα
1700 403 1768 442 ἀλ-

286 464 455 505 λόκοτον
499 469 688 508 crudelem
727 470 879 510 Cleonis
924 474 1152 512 sententiam
1195 475 1401 526 vituperari
1448 480 1567 526 putet.
1636 476 1767 527 Poppo

285 542 378 579 haec
415 542 530 580 verba
566 544 620 581 ita
657 545 786 583 vertit:
839 545 887 584 ad
926 547 1121 596 negotium
1165 549 1344 588 horribile
1389 563 1419 590 s.
1459 553 1764 599 monstruosum3

289 615 448 653 fortasse
481 616 592 654 nimis
624 618 773 657 acriter.
833 619 950 657 Recte
980 619 1080 668 dicit,
1120 622 1343 661 vocabulum
1376 624 1526 674 proprie
1557 623 1770 673 significare

286 691 445 727 naturae
485 691 736 740 contrarium,
782 692 845 731 hic
884 693 1004 731 videri
1042 695 1168 733 valere
1212 696 1437 735 inauditum.
1513 698 1644 747 Neque
1679 709 1771 736 vero

286 773 440 800 necesse
483 763 577 802 mihi
624 764 774 803 videtur
819 766 986 815 credere,
1033 767 1093 806 his
1138 769 1264 807 verbis
1309 769 1570 821 Thucydidem
1616 770 1769 810 Cleonis

288 836 464 885 persequi
504 836 666 876 voluisse
704 839 964 879 crudelitatem
997 841 1055 878 vel
1097 843 1345 881 atrocitatem.
1410 842 1560 882 Contra
1589 855 1653 882 res
1690 847 1772 883 erat

287 908 491 957 eiusmodi,
532 923 629 961 quae
665 912 789 952 adhuc
818 926 917 952 nova
953 918 991 952 et
1028 915 1200 954 inaudita
1239 921 1349 955 esset.
1409 916 1581 956 Eundem
1615 929 1769 956 sensum

286 994 357 1020 vox
386 982 452 1021 illa
483 981 702 1031 ἀλλόκοτος
732 987 831 1037 apud
863 987 1155 1038 Aristophanem
1185 989 1302 1028 habet
1333 988 1394 1040 (cf.
1416 989 1530 1041 Vesp.
1554 992 1604 1029 47
1628 994 1666 1030 et
1690 990 1769 1038 71).

370 1055 576 1096 Veniamus
612 1060 685 1097 iam
725 1060 771 1098 ad
818 1073 879 1099 res
919 1061 1088 1112 Pylicas,
1135 1064 1272 1114 quibus
1311 1064 1428 1103 Cleon
1465 1064 1577 1103 etiam
1618 1063 1769 1103 laudem

288 1129 461 1168 bellicam
493 1137 687 1171 assecutus
719 1136 788 1174 est'.
846 1135 940 1174 Cum
972 1136 1071 1174 enim
1103 1136 1355 1176 Athenienses
1387 1137 1645 1176 Demosthene
1676 1138 1771 1176 duce

287 1216 377 1242 casu
407 1217 523 1243 naves
553 1206 792 1256 appulissent
821 1209 867 1247 ad
891 1209 1078 1248 desertam
1102 1223 1207 1249 oram
1229 1211 1450 1259 Messeniae,
1484 1210 1618 1262 Pylum
1640 1212 1772 1250 urbem

287 1284 569 1328 occupaverunt
612 1283 726 1331 atque
766 1282 946 1332 operibus
987 1284 1241 1323 muniverunt.
1318 1284 1428 1333 Quod
1465 1297 1549 1324 cum
1586 1284 1774 1324 Lacedae-

288 1353 405 1390 monii
450 1366 534 1392 sero
580 1357 846 1404 cognovissent
893 1356 1114 1407 periculum,
1160 1357 1415 1398 Athenienses
1458 1363 1560 1398 terra
1604 1359 1773 1409 marique

287 1426 525 1465 incluserunt
561 1432 674 1480 atque
705 1430 967 1480 Sphacteriam
1006 1431 1167 1470 insulam
1199 1432 1291 1483 Pylo
1323 1433 1519 1472 adversam
1557 1437 1594 1472 et
1625 1436 1772 1471 contra-

287 1501 382 1538 riam
428 1503 616 1551 praesidio
654 1505 735 1542 420
781 1505 941 1543 militum
992 1506 1118 1555 gravis
1163 1510 1390 1554 armaturae,
1437 1507 1502 1557 qui
1545 1506 1774 1546 nobilissimi

288 1579 398 1613 erant
435 1576 595 1626 civium,
635 1583 925 1629 occupaverunt.
989 1578 1246 1619 Athenienses
1284 1580 1480 1619 confestim
1519 1581 1774 1632 quadraginta

287 1648 461 1687 triremes
482 1649 732 1691 Demostheni
753 1652 892 1691 auxilio
917 1653 1114 1702 miserunt,
1147 1667 1244 1705 quae
1266 1655 1366 1693 victa
1386 1654 1772 1694 Lacedaemoniorum

286 1724 407 1763 classe
436 1723 576 1763 milites
606 1725 694 1764 illos
725 1727 764 1764 in
796 1727 922 1765 insula
953 1725 1177 1777 Sphacteria
1215 1728 1419 1767 collocatos
1457 1729 1505 1768 ab
1543 1729 1646 1768 omni
1677 1741 1774 1767 com-

290 1797 546 1836 municatione
583 1812 667 1837 curn
709 1801 788 1839 suis
824 1800 1131 1840 intercluserunt.
1194 1801 1340 1851 Quibus
1377 1815 1463 1841 cum
1501 1802 1602 1841 fame
1633 1802 1776 1841 vexatis

289 1872 392 1910 nulla
437 1884 524 1922 spes
568 1877 687 1922 esset,
734 1873 813 1912 fore
858 1878 900 1913 ut
942 1874 1214 1925 liberarentur,
1263 1876 1459 1925 sexaginta
1502 1887 1633 1925 naves,
1681 1888 1778 1926 quae

289 1947 461 1994 aderant,
493 1946 741 1985 Demostheni
769 1948 1023 1998 tradiderunt,
1055 1953 1097 1987 ut
1128 1949 1310 1988 alimenta
1342 1950 1382 1988 in
1410 1949 1573 1988 insulam
1606 1949 1777 2001 quotidie

290 2021 542 2070 transportari
588 2022 842 2071 permitteret,
888 2022 1111 2075 legatosque
1156 2024 1328 2062 Athenas
1374 2025 1570 2063 miserunt.
1644 2023 1777 2074 Neque

291 2107 377 2133 vero
424 2094 678 2133 Athenienses
725 2095 855 2135 faciles
906 2101 1015 2135 erant
1059 2097 1106 2135 ad
1152 2109 1282 2148 pacem
1326 2098 1559 2146 faciendam,
1614 2097 1779 2136 maxime

290 2169 473 2207 suadente
512 2169 663 2209 Cleone.
735 2169 816 2210 Hoc
864 2170 946 2209 loco
986 2171 1228 2222 Thucydides
1266 2171 1313 2210 de
1352 2171 1492 2212 Cleone
1532 2172 1626 2210 haec
1664 2171 1780 2210 habet

292 2246 345 2293 (4,
379 2243 466 2293 21):
514 2240 688 2296 μάλιστα
726 2234 770 2281 δὲ
807 2243 950 2290 αὐτοὺς
987 2243 1102 2300 ἐνῆγε
1142 2241 1280 2283 Κλέων
1317 2245 1337 2283 ὁ
1376 2241 1642 2292 meamea-00,
1682 2242 1778 2299 ἀνὴρ

293 2311 534 2373 δημαγωγὸς
556 2321 645 2356 κατ’
669 2317 816 2356 ἐκεῖνον
837 2316 906 2356 τὸν
926 2316 1063 2373 χρόνον
1080 2314 1134 2356 ὢν
1152 2317 1218 2356 καὶ
1239 2322 1296 2369 τῷ
1318 2316 1465 2361 πλήθει
1485 2316 1778 2364 πιθανώτατος.

292 2393 415 2431 Verba
443 2392 509 2431 illa
546 2390 639 2446 ἀνὴρ
673 2383 914 2448 δημαγωγός
945 2396 983 2432 et
1012 2393 1051 2431 in
1091 2393 1226 2432 bonam
1259 2390 1321 2443 (cf.
1351 2391 1476 2432 Schol.
1501 2393 1588 2432 Pac.
1614 2391 1711 2443 680)
1742 2396 1781 2431 et

292 2549 352 2578 und
384 2549 437 2577 wie
469 2557 526 2577 uns
552 2547 766 2586 Aristophanes
793 2547 909 2577 mochtc
934 2547 1061 2585 glauben
1086 2547 1226 2583 macheu:
1265 2550 1293 2576 et
1317 2547 1341 2579 Ι,
1368 2548 1425 2576 83:
1459 2547 1535 2577 Dass
1561 2547 1662 2577 solche
1687 2547 1779 2577 Grau-

292 2605 418 2634 samkeit
442 2605 509 2634 dem
527 2605 626 2634 Geiste
651 2605 704 2634 des
722 2605 904 2634 Alterthums
930 2605 1045 2634 minder
1069 2603 1134 2634 feru
1159 2604 1214 2642 lag,
1241 2604 1345 2634 lehren
1368 2603 1460 2634 theils
1479 2603 1616 2634 ahnliche
1634 2603 1778 2639 Vorfiilie‚

292 2662 381 2691 theiis
406 2663 458 2691 der
482 2662 636 2695 Umstand,
662 2662 730 2691 dass
756 2662 849 2692 selbst
873 2661 919 2691 bei
944 2662 997 2691 der
1021 2661 1144 2690 zwciten
1169 2661 1378 2698 Abstimmuug
1401 2661 1449 2690 die
1474 2660 1618 2690 Stimmen
1642 2660 1690 2690 fiir
1715 2661 1777 2690 und

292 2720 383 2748 wider
398 2719 457 2748 fast
480 2719 576 2756 gleich
594 2719 728 2748 standen.
771 2719 857 2755 Quod
883 2719 955 2748 dicit
978 2718 1118 2748 'ahnliche
1134 2718 1277 2754 Vorfalle,
1296 2717 1489 2755 cogitandum
1506 2719 1552 2747 est
1568 2717 1606 2747 de
1624 2716 1781 2747 Meliorum

293 2776 453 2810 deditione,
478 2776 508 2805 in
526 2785 585 2814 qua
602 2785 704 2805 omncs
722 2776 801 2805 viros
818 2776 854 2805 ab
871 2775 1107 2806 Atheniensibus
1124 2775 1238 2805 occisos
1255 2783 1320 2804 esse
1336 2774 1427 2804 tradit
1443 2773 1633 2812 Thucydides
1650 2773 1686 2809 V,
1706 2774 1779 2807 116.
1838 2807 1843 2814 .
