1989 3216
951 198 1222 238 ...10-

1090 226 1112 238 —l

346 328 494 364 diarum
534 322 860 374 docenda1·un1.‘-'1)
921 326 1051 376 Neque
1090 338 1177 362 vero
1214 337 1342 362 rumor
1379 325 1441 363 ille
1477 325 1524 362 de
1554 324 1824 374 Aristophanis

346 400 614 451 peregrinitate
635 399 748 449 plane
778 400 902 437 inanis
924 399 1073 437 videtur
1103 399 1230 446 fuisse,
1262 412 1347 437 cum
1370 403 1407 436 et
1427 398 1584 448 Eupolis
1616 397 1675 447 (cf.
1695 393 1824 447 Frgm.

348 476 533 513 incertum
565 474 580 511 Ι
612 473 710 523 apud
741 472 875 520 Mein.)
912 473 1013 511 idem
1054 474 1086 512 ei
1119 473 1274 512 obiiciat
1308 477 1345 510 et
1374 476 1485 522 poeta
1524 472 1604 521 ipse
1644 472 1826 520 Aeginam

352 548 514 586 insulam
548 547 707 597 patriam
741 559 848 584 suam
877 547 1018 585 iudicet
1048 546 1159 595 (Ach.
1194 548 1272 585 652
1305 558 1407 596 sqq.:

435 611 500 658 διὰ
530 616 647 657 ταῦθ’
679 620 779 673 ὑμᾶς
808 611 1123 672 Λακεδαιμόνιοι
1155 618 1225 662 τὴν
1257 617 1408 672 εἰρήνην
1437 617 1730 673 προκαλοῦνται

433 693 499 731 καὶ
528 692 600 735 τὴν
634 690 793 748 Αἴγιναν
825 692 1072 731 ἀπαιτοῦσιν·
1105 692 1171 731 καὶ
1201 697 1270 738 τῆς
1301 690 1418 735 νήσου
1451 689 1520 746 μὲν
1551 690 1700 736 ἐκείνης

434 768 477 806 οὒ
510 759 767 822 φροντίζουσ’,
800 764 889 804 ἀλλ’
921 765 982 804 ἵνα
1012 771 1155 805 τοῦτον
1185 765 1255 804 τὸν
1286 763 1453 808 πσιητῆν
1483 762 1740 819 ἀφέλωνται),

350 844 421 881 nisi
468 843 563 880 forte
608 841 762 891 praedia
805 844 954 879 tantum
999 842 1036 878 in
1081 842 1153 880 hac
1195 840 1320 879 insula
1354 840 1520 878 habebat
1555 842 1593 877 et
1622 839 1722 877 actio
1764 836 1831 875 illa

350 916 633 967 peregrinitatis
654 916 726 953 hoc
746 919 968 964 argumento
990 915 1192 953 nitebatur.
1237 913 1319 962 Qua
1347 913 1588 952 accusatione
1606 912 1830 962 gravissima

350 990 626 1040 Aristophanes
664 1001 703 1027 se
743 989 925 1027 liberasse
963 988 1102 1026 dicitur
1138 988 1315 1027 versibus
1353 987 1428 1025 illis
1458 986 1668 1025 Homericis
1705 985 1832 1024 allatis

352 1064 438 1116 (od.
469 1064 497 1112 Ι,
530 1064 609 1101 215
643 1063 737 1113 sq.):

515 1133 660 1189 Μήτι-,ρ
692 1133 761 1189 μέν
792 1139 827 1172 τ’
862 1134 930 1189 ἐμὲ
963 1149 1054 1188 φησι
1083 1139 1155 1173 τοῦ
1188 1137 1374 1190 ἔμμεναι·
1406 1131 1530 1187 αὐτὰρ
1562 1134 1689 1188 ἔγωγε

517 1211 589 1249 οὐκ
620 1201 712 1248 οἷδ’·
746 1209 790 1247 οὐ
821 1207 896 1266 γάρ
927 1208 988 1247 πώ
1021 1223 1078 1254 τις
1108 1207 1170 1247 ἑὸν
1200 1207 1316 1264 γόνον
1348 1206 1466 1253 αὐτὸς
1496 1204 1657 1261 ἀνέγνω.

353 1287 480 1326 Tertio
525 1289 673 1336 poetam
720 1297 742 1322 a
787 1283 928 1323 Cleone
980 1284 1019 1321 in
1073 1296 1251 1333 magnum
1289 1283 1493 1321 discrimen
1531 1284 1707 1319 vocatum
1754 1293 1836 1318 esse

355 1364 512 1412 apparet
544 1372 588 1397 ex
618 1358 731 1409 Vesp.
766 1371 823 1395 vv.
853 1360 956 1397 1284
988 1370 1092 1408 sqq.:

517 1431 589 1471 εἰσί
619 1444 719 1477 τινες
751 1430 788 1469 οἴ
818 1429 857 1486 μ’
887 1431 1025 1485 ελεγον
1057 1431 1108 1476 ὡς
1138 1423 1480 1484 καταδιηλλάγην,

517 1505 633 1549 τ’,νίκα
663 1502 805 1543 Κλέων
837 1502 876 1560 μ’
909 1502 1179 1558 ὑπετάραττεν
1212 1502 1450 1558 ἐπικείμενος

518 1579 583 1618 καί
615 1592 663 1634 με
694 1577 849 1624 κακίαις
879 1580 1024 1616 ἔκνισε·
1057 1573 1149 1628 κᾷθ’
1181 1575 1237 1615 ὅτ’
1269 1567 1545 1631 ἀπεδειρόμην,

520 1652 632 1699 ἐκτὸς
664 1651 813 1709 ἐγέλων
845 1650 949 1707 μέγα
981 1650 1210 1707 κεκραγότα
1242 1648 1447 1705 θεώμενοι,

519 1720 632 1767 οὐδὲν
664 1729 721 1781 ἄρ’
756 1725 851 1781 ἐμοῦ
885 1726 1016 1780 μέλον,
1052 1722 1142 1763 ὅσον
1175 1717 1219 1762 δὲ
1251 1723 1369 1778 μόνον
1402 1714 1544 1761 εἰδέναι

521 1798 780 1856 σκωμμάτιον
812 1799 847 1837 εἴ
874 1797 972 1837 ποτε
1004 1812 1041 1836 τι
1074 1796 1306 1852 θλιβόμενος
1337 1795 1507 1847 ἐκβαλῶ.

521 1880 650 1914 ταῦτα
681 1866 856 1912 κατιδὼν
888 1871 1004 1911 ὑπὸτι
1036 1874 1170 1927 μικρόν
1203 1868 1433 1914 ἐπιθήκισα·

521 1946 609 1988 εἶτα
640 1953 704 1986 νῦν
737 1940 982 1993 ἐξηπάτησεν
1013 1947 1036 1991 τ’,
1068 1938 1194 2001 χάραξ
1223 1943 1295 1987 τ’),ν
1328 1940 1518 1999 ἄμπελον.

360 2028 548 2065 Rumores
579 2024 766 2062 exstitisse
796 2023 888 2061 dicit
917 2026 1040 2072 poeta,
1073 2033 1113 2059 se
1143 2033 1226 2059 cum
1249 2019 1390 2059 Cleone
1418 2019 1458 2056 in
1485 2018 1645 2068 gratiam
1670 2017 1841 2066 rediisse,

359 2114 444 2139 cum
478 2098 683 2149 Equitibus
724 2096 844 2135 doctis
875 2096 922 2134 ab
962 2095 1026 2134 lllo
1058 2094 1169 2133 valde
1205 2105 1359 2144 pressus
1394 2096 1512 2140 esset3
1560 2095 1598 2130 et
1627 2094 1728 2129 certe
1757 2095 1842 2141 post

357 2175 516 2225 Equites
547 2173 676 2210 doctos
706 2183 781 2209 non
813 2179 888 2208 tam
921 2170 1056 2208 acerbe
1085 2170 1123 2207 in
1146 2169 1398 2217 demagogum
1418 2165 1658 2204 consuluisse
1678 2164 1842 2214 videtur,

361 2259 590 2299 quamquam
622 2257 818 2294 nunquam
849 2244 962 2282 desiit
994 2244 1073 2281 eius
1105 2254 1188 2281 esse
1219 2240 1475 2280 adversarius.
1537 2238 1664 2278 Cessit
1693 2242 1842 2276 tantum

359 2320 593 2372 aliquamdiu
615 2319 768 2359 Cleonis
788 2318 993 2368 potentiae.
1045 2317 1151 2355 Duae
1172 2319 1306 2366 poetae
1327 2313 1542 2352 comoediae
1563 2313 1661 2351 inter
1682 2311 1843 2362 Equites

359 2401 397 2434 et
426 2395 570 2444 Vespas
600 2394 639 2431 iu
677 2404 828 2431 scenam
867 2391 1101 2441 prodierunt.
1162 2389 1203 2427 In
1243 2392 1402 2438 utraque
1440 2386 1677 2437 aliquantum
1711 2385 1841 2424 Cleoni

360 2469 573 2521 pepercisse
612 2467 772 2505 videtur.
832 2466 1007 2516 Namque
1046 2465 1087 2502 in
1117 2462 1313 2510 Nubibus,
1352 2473 1448 2512 quae
1484 2459 1615 2499 fabula
1645 2459 1758 2498 docta
1787 2465 1844 2497 est

361 2553 460 2582 anno
499 2541 656 2592 Equites
697 2535 992 2590 insequente,22)
1041 2538 1136 2576 haec
1175 2535 1422 2574 inveniuntur
1461 2537 1632 2582 tantum,
1669 2544 1767 2584 quae
1796 2531 1844 2571 ad

431 2714 476 2756 2¹)
503 2718 540 2748 cf.
565 2717 668 2748 Ranke
693 2717 774 2756 apud
797 2716 886 2746 Mein.
911 2725 961 2754 pg.
979 2714 1028 2745 IX.

431 2771 478 2814 22)
504 2775 541 2805 cf.
560 2775 597 2804 de
621 2774 757 2805 Nubibus
782 2773 886 2804 Ranke
910 2772 991 2812 aqud
1015 2771 1104 2802 Mein.
1130 2780 1178 2810 pg.
1195 2769 1304 2800 XXVlI
1328 2778 1396 2808 sqq.
