2022 3282
771 214 1050 255 —37—

170 346 242 380 tur.
254 338 304 390 51)
354 341 522 379 Primum
555 340 814 378 adnotandum
840 344 910 387 est,
943 339 1044 390 quod
1075 340 1173 376 recte
1204 340 1438 375 monuerunt
1468 337 1595 375 Bockh
1627 341 1664 374 et

172 414 424 462 Schoemann‚
463 415 684 465 saepissime
723 412 902 451 confundi
942 425 963 450 a
991 411 1216 450 Seholiastis
1247 409 1461 448 mercedem
1494 409 1659 447 iudicum

170 484 236 536 (τὸ
268 479 496 526 δικαστικόν
527 487 586 526 vel
612 480 860 535 ἡλιαστικόν)
893 488 931 524 et
959 485 1172 524 mercedem
1203 483 1392 522 contionis
1425 480 1486 532 (τὸ
1517 482 1660 524 ἐκκλη-

170 559 392 612 σιαστικόν)
423 565 462 600 et
490 560 703 599 mercedem
735 559 933 609 spectandi
964 556 1024 607 (τὸ
1048 554 1271 612 θεωρικόν),
1304 557 1398 606 quin
1429 557 1541 595 etiam
1566 569 1661 594 mer-

168 635 296 674 cedem
332 634 492 674 militum
523 638 561 673 et
590 638 785 672 oratorum
822 645 906 671 cum
936 631 1014 670 illis
1046 631 1295 670 commisceri,
1356 629 1482 680 Atque
1516 630 1659 668 contio-

169 708 349 747 nantibus
380 709 502 759 primo
532 720 649 746 unum
680 707 810 745 datum
843 719 928 745 esse
948 705 1115 751 obolum,
1148 708 1281 755 postea
1310 703 1523 743 mercedem
1554 702 1660 741 illam

167 783 215 821 ad
253 787 331 821 tres
370 782 503 821 obolos
539 785 688 834 auctam
719 793 817 828 esse,
856 793 901 818 ex
938 781 1023 831 ipso
1053 779 1310 829 Aristophane
1346 780 1511 826 constat,
1542 776 1657 816 Ekkl.

166 870 226 896 vv.
260 848 479 908 300'sqq.:

369 926 442 986 ὅρα
473 920 508 966 δ’
532 925 638 973 ὅπως
668 925 878 982 ὠθήσομεν
906 918 1047 973 τούςὸε
1077 925 1171 972 τοὺς,
1200 918 1241 971 ἐξ
1272 922 1423 969 ἄστεως

367 1001 551 1053 ἥκοντας,
583 1001 666 1041 ὅσοι
697 999 770 1055 πρὸ
801 1005 872 1039 τοῦ
904 998 988 1055 μέν,
1020 998 1120 1044 ἡνίκ’
1144 991 1224 1038 ἔδει
1254 1001 1393 1053 λαβεῖν

369 1075 524 1116 ἐλθόντ’
548 1075 690 1128 ὀβολὸν
723 1074 854 1132 μόνον,
888 1073 1067 1119 καθῆντο
1099 1074 1314 1120 λαλοῦντες

366 1150 406 1190 ἑν
437 1156 517 1197 τοῖς
549 1149 867 1206 στεφανώμασιν,
900 1148 980 1187 νυνὶ
1012 1141 1047 1186 δ’
1071 1147 1274 1204 ἐνοχλοῢσ’
1298 1145 1413 1204 ἄγαν.

368 1224 459 1264 ἀλλ’
481 1222 580 1280 οὐχί,
611 1216 849 1279 Μυρωνίδης
880 1221 939 1261 ὅτ’
961 1216 1079 1277 ἦρχεν
1109 1224 1129 1261 ὁ
1160 1214 1365 1280 γεννάδας,

365 1290 492 1344 οὐδεὶς
522 1293 570 1336 ἂν
600 1296 755 1354 ἐτόλμα
785 1296 837 1336 τα
869 1301 938 1344 τῆς
968 1295 1121 1343 πόλεως
1154 1289 1249 1336 διοι-

365 1378 447 1412 κεῖν
478 1369 660 1428 ἀργύριον
691 1370 819 1428 φέρων
849 1376 951 1410 πιεῖν
983 1370 1069 1426 ἅμα
1098 1374 1134 1409 τ’
1158 1367 1278 1424 ἄρτον
1309 1366 1356 1409 ἂν

363 1444 431 1484 καὶ
461 1443 555 1499 πρὸς
587 1438 656 1484 δύο
689 1443 880 1501 κρομμύω
912 1444 980 1484 καὶ
1009 1450 1111 1500 τρεῖς
1142 1440 1189 1483 ἂν
1221 1442 1353 1492 ἐλάας.

361 1519 441 1559 νυνὶ
473 1511 517 1559 δὲ
547 1518 764 1575 τριώβολον
795 1512 957 1567 ζητοῦσι
987 1519 1140 1571 λαβεῖν,
1172 1517 1269 1558 ὅταν

362 1592 570 1649 πράττωσί
600 1608 638 1632 τι
669 1592 798 1632 κοινὸν
829 1593 959 1648 ὥσπερ
991 1593 1321 1648 πηλοφοροῦντες.

157 1670 220 1720 (cf.
251 1669 365 1711 Ekkl.
401 1672 492 1719 187,
525 1670 619 1719 283,
653 1670 746 1717 292,
778 1668 878 1707 Plut.
906 1667 1014 1715 329).
1075 1669 1268 1719 Apparet,
1306 1669 1543 1718 temporibus
1573 1668 1650 1721 My-

158 1744 323 1793 ronidis,
364 1743 449 1796 qui,
488 1739 634 1784 Calliae
662 1743 785 1791 filius,
825 1742 901 1780 dux
938 1742 1061 1781 fuerat
1094 1742 1385 1781 Atheniensium
1416 1744 1652 1794 temporibus

157 1817 328 1865 Periclis,
375 1831 494 1857 unum
531 1820 680 1856 tantum
719 1817 873 1856 obolum
912 1815 1042 1855 datum
1083 1829 1180 1856 esse.
1250 1816 1371 1865 Quam
1410 1817 1651 1867 largitionem

156 1894 283 1944 ipsum
304 1891 486 1931 Periclem
509 1892 720 1931 instituisse
741 1891 927 1941 suspicari
948 1887 1107 1941 licet.52)
1159 1891 1298 1930 Postea
1327 1904 1394 1942 per
1418 1891 1651 1943 Agyrrhium

156 1965 347 2018 quendam
385 1966 451 2005 illa
480 1978 627 2005 merces
664 1965 712 2004 ad
749 1964 955 2004 triobolum
994 1969 1106 2003 aucta
1142 1968 1212 2003 est.
1275 1963 1385 2013 Quod
1417 1970 1576 2018 apparet
1606 1979 1650 2006 ex

116 2054 119 2056 ’
154 2039 267 2080 Ekkl.
312 2042 386 2079 183
432 2052 514 2091 sqq.
548 2039 682 2079 Fuisse
726 2043 878 2091 tempus
925 2039 1019 2078 dicit
1061 2043 1187 2090 poeta,
1235 2053 1310 2091 quo
1355 2041 1457 2079 cives
1497 2053 1572 2079 non
1611 2045 1653 2079 ut

153 2118 355 2166 quaestum
374 2114 555 2163 facerent,
587 2114 626 2153 in
647 2115 862 2154 contionem
889 2115 1064 2160 ivissent,
1097 2127 1173 2166 quo
1193 2114 1427 2166 Agyrrhium
1456 2115 1649 2154 hominem

154 2190 319 2240 nequam
349 2188 590 2228 habuissent.
651 2189 762 2228 Nunc
792 2194 918 2228 autem
951 2189 1087 2228 merita
1116 2189 1198 2227 eius
1229 2188 1396 2236 laudare,
1433 2190 1650 2241 quicunque

153 2275 215 2302 me
281 2263 367 2302 dem
413 2261 574 2303 trioboli
613 2263 825 2314 acceperit,
872 2264 936 2315 qui
975 2275 1074 2310 non,
1120 2275 1206 2301 eum
1247 2264 1462 2314 vituperare
1502 2263 1645 2314 (Schol.

152 2335 265 2376 Ekk.
297 2339 396 2377 284:
439 2337 475 2376 οἱ
505 2334 580 2393 γαρ
613 2335 776 2391 ὕστερον
818 2335 1002 2383 ἐλθόντες
1041 2336 1113 2375 οὐκ
1152 2335 1378 2392 ἐλάμβανον
1416 2335 1462 2376 τὸ
1502 2337 1647 2381 ἐκκλη-

154 2409 369 2459 σιαστικόν,
408 2412 454 2451 cf.
482 2411 595 2451 Ekkl.
632 2414 709 2452 185
742 2425 840 2464 sqq„
882 2413 1047 2463 saepius,
1086 2412 1196 2464 Vesp.
1231 2410 1344 2463 690).
1405 2412 1456 2451 Et
1489 2425 1530 2451 re
1562 2426 1648 2452 vera

152 2485 228 2524 iam
260 2485 326 2525 diu
355 2498 432 2524 non
462 2486 517 2524 rei
547 2485 723 2536 publicae
745 2486 894 2535 salutis,
925 2486 992 2526 sed
1025 2487 1211 2537 peuuniae
1232 2499 1345 2526 causa
1375 2487 1502 2525 contio
1534 2487 1649 2527 fiebat

219 2674 265 2718 51)
290 2678 327 2709 cf.
353 2678 455 2709 Rookh
480 2679 548 2709 Oec.
573 2680 634 2709 Att.
664 2681 689 2714 1,
724 2680 786 2709 327
814 2689 892 2719 sqq„
924 2680 1086 2710 Hermanni
1117 2680 1208 2719 praef.
1242 2681 1279 2710 ad
1309 2681 1407 2710 Nubb.
1434 2691 1482 2719 pg.
1508 2682 1549 2711 50
1577 2691 1642 2721 sqq.

151 2733 254 2775 (Arist.
271 2735 350 2766 Nub.
367 2745 437 2766 cum
463 2736 553 2766 Schol
583 2736 631 2766 ed.
651 2737 684 2767 G.
703 2736 855 2766 Hermann
880 2737 960 2776 Lips.
984 2737 1090 2774 18:30).
1118 2738 1308 2767 Schoemann
1333 2738 1371 2767 de
1395 2739 1494 2768 comit.
1521 2749 1568 2776 μς,
1590 2740 1642 2767 69.

218 2787 263 2832 5²)
290 2792 327 2823 cf.
345 2793 376 2822 F.
395 2793 567 2824 Voswlnkel
590 2793 628 2823 de
653 2793 763 2823 Gleoue
788 2794 962 2833 demagogo.
1005 2795 1129 2825 Dissert-
1149 2795 1247 2833 inaug.
1267 2795 1387 2824 Bonnae
1416 2797 1511 2826 1847.
1541 2805 1587 2835 pg.
1607 2797 1638 2826 4.
