1989 3216
879 91 1149 133 „34-

277 226 314 258 et
345 219 431 258 belli
463 219 657 258 alacritate
688 224 801 270 atque
831 218 1013 269 agilitate,
1056 220 1120 270 qui
1151 231 1382 270 quamquam
1412 219 1601 258 interdum
1632 223 1672 258 ut
1703 219 1760 258 vii·

275 293 468 344 popularis
504 294 630 332 omnia
666 293 804 332 auxilia
843 293 1060 341 adhibebat,
1098 292 1305 331 dummodo
1342 292 1381 331 id
1420 292 1522 343 quod
1560 292 1672 331 vellet
1711 292 1758 331 ad

274 368 387 406 finem
419 369 653 418 perduceret,
685 371 815 406 tamen
847 368 986 418 optime
1017 367 1063 405 de
1088 366 1385 405 Atheniensibus
1408 367 1564 405 meritus
1592 370 1663 415 est,
1694 365 1760 417 qui

275 442 438 492 denique
469 442 572 480 solus
603 442 681 480 fere
713 441 868 480 Periclis
909 441 1051 480 mortui
1089 440 1248 479 consilia
1285 441 1325 478 in
1360 440 1473 479 rebus
1506 439 1670 491 publicis
1699 452 1761 490 ge-

275 516 402 554 rendis
434 519 666 565 cognoverat
697 527 816 566 eaque
847 519 1062 554 constanter
1094 527 1161 565 per
1191 518 1336 565 septem
1367 526 1490 553 annos
1518 513 1761 565 sequebatur,

276 602 361 628 cum
392 590 432 628 in
462 590 508 628 iis
539 589 630 628 solis
661 589 820 628 salutem
852 589 1084 640 reipublicae
1122 589 1285 639 positam
1317 601 1401 627 esse
1430 588 1504 627 sibi
1534 599 1762 638 persuasum

277 664 447 703 haberet.
512 663 637 713 Quare
668 676 743 702 non
765 667 820 702 est
843 663 995 711 mirum,
1027 662 1127 713 quod
1159 663 1207 701 ab
1238 662 1427 711 omnibus,
1458 662 1524 713 qui
1544 674 1567 700 a
1590 661 1762 713 partibus

276 739 518 788 optimatium
550 742 749 786 steterunt,
780 750 929 776 summo
959 736 1045 775 odio
1066 737 1303 787 summisque
1325 736 1586 775 vexationibus
1607 735 1762 775 affectus

275 818 343 861 est,
376 813 555 863 quodque
586 812 697 851 etiam
730 826 753 850 a
774 812 865 850 viris
886 811 1006 850 doctis
1037 817 1191 850 nostrae
1222 811 1357 849 aetatis
1388 810 1626 849 contionator
1648 814 1763 860 atque

275 888 449 926 turbator
478 887 633 937 pessimi
663 887 806 936 ingenii
837 898 955 936 paene
986 898 1137 936 semper
1168 885 1342 923 habetur.
1365 908 1420 912 —-

359 961 436 1000 Iam
475 965 517 1000 ut
552 962 680 1000 omnia
719 960 920 1011 diligenter
957 960 1168 1008 exhibeam,
1207 972 1329 1010 pauca
1366 958 1553 1010 quaedam
1590 957 1765 996 addenda

275 1041 375 1085 sunt,
416 1048 513 1087 quae
543 1035 589 1074 de
627 1034 779 1074 Cleonis
817 1035 917 1074 vitae
958 1034 1179 1073 condicione
1223 1034 1384 1084 aliisque
1427 1033 1540 1072 rebus
1585 1033 1646 1071 hic
1687 1031 1765 1071 illic

277 1111 489 1149 traduntur.
532 1133 579 1138 —
621 1109 677 1149 Ac
717 1110 881 1161 primum
928 1109 1081 1160 quidem
1125 1108 1171 1147 de
1208 1107 1364 1147 Cleonis
1404 1106 1626 1159 parentibus
1669 1105 1765 1145 nihil

275 1185 456 1224 traditum
488 1189 546 1223 est
574 1185 647 1223 nisi
684 1188 832 1234 patrem
863 1185 956 1232 eius,
996 1182 1255 1232 Cleaenetum,
1295 1194 1491 1221 servorum
1531 1179 1766 1231 ergastulum

276 1260 502 1310 possedisse,
527 1260 593 1311 qui
610 1260 712 1298 coria
727 1259 939 1309 depserent.
975 1258 1073 1296 Nam
1091 1257 1256 1296 dubitari
1272 1261 1409 1307 potest,
1431 1268 1522 1295 num
1541 1255 1766 1296 Cleaenetus

274 1335 350 1383 ille,
384 1347 497 1386 quem
528 1335 636 1372 affert
665 1333 942 1384 Aristophanes
972 1332 1012 1370 in
1042 1332 1140 1382 Equ.
1169 1344 1202 1369 v.
1227 1333 1306 1370 574
1339 1335 1376 1370 et
1405 1342 1519 1382 quem
1550 1328 1763 1369 Scholiasta

276 1410 496 1461 psephisma
525 1408 658 1447 tulisse
690 1408 794 1456 dicit,
824 1420 872 1446 ne
903 1407 1058 1446 daretur
1087 1405 1248 1445 ducibus
1279 1403 1427 1450 σίτησις
1459 1403 1498 1443 ἐν
1529 1407 1588 1454 τῷ
1617 1415 1760 1458 πρυτα-

277 1483 386 1534 νείῳ,
418 1483 518 1522 idem
548 1483 664 1521 fuerit
693 1495 737 1522 ac
766 1486 875 1533 pater
905 1481 1070 1522 Cleonis.
1121 1479 1232 1529 Quod
1262 1478 1475 1519 Scholiasta
1505 1477 1660 1530 quidem
1689 1489 1766 1517 non

275 1562 447 1606 testatur,
481 1558 545 1609 qui
575 1558 677 1596 hunc
709 1569 795 1596 eum
826 1557 944 1595 fuisse
975 1554 1155 1594 credibile
1185 1558 1305 1606 putat,
1337 1554 1403 1604 qui
1424 1552 1557 1593 Cleoni
1578 1552 1765 1591 honorem

278 1630 464 1677 σιτήσεως
496 1632 722 1682 paravisset.
766 1630 870 1670 Haec
902 1633 991 1668 sunt
1019 1630 1100 1668 eius
1133 1628 1265 1667 verba:
1307 1620 1442 1672 Οὗτος
1473 1626 1493 1664 ὁ
1530 1622 1768 1670 Κλεαίνετος

278 1704 457 1761 φαίνεται
497 1695 780 1750 κατεδηδοκὼς
817 1703 890 1747 τὴν
928 1701 1062 1742 οὐσίαν
1099 1700 1164 1740 καὶ
1201 1692 1480 1746 ἡδυπαθήσας.
1529 1700 1565 1738 οἱ
1603 1689 1669 1750 δέ,
1707 1696 1767 1736 ὅτι

278 1775 389 1826 οὗτος
422 1775 566 1836 ἔγραψε
598 1774 780 1834 ψήφισμα
812 1776 865 1832 μὴ
906 1770 986 1816 δεῖν
1017 1770 1184 1820 δοθῆναι
1219 1781 1300 1821 τοῖς
1332 1778 1568 1831 στρατηγοῖς
1604 1771 1766 1816 σίτησιν.

278 1854 447 1900 σπανίως
479 1845 523 1892 δὲ
555 1851 749 1908 μέμνηται
780 1857 850 1891 τοῦ
882 1849 1126 1890 Κλεαινέτου
1158 1849 1225 1888 καὶ
1259 1839 1400 1904 σχεδὸν
1431 1844 1607 1887 ἐνταῦθα
1635 1843 1766 1902 μόνον.

278 1921 542 1984 στοχάζονται
574 1921 639 1966 οὖν
669 1934 770 1972 τινες
801 1924 862 1965 ὅτι
893 1920 1007 1972 οὗτος
1038 1922 1085 1964 ἂν
1109 1924 1166 1968 εἴη
1190 1924 1210 1962 ὁ
1231 1921 1304 1967 τὴν
1335 1921 1484 1966 σίτησιν
1515 1918 1768 1977 περιποιήσας

277 2007 334 2054 τῷ
366 2000 533 2042 Κλέωνι.
568 2024 618 2029 —
651 2002 776 2053 Atque
807 2002 927 2052 patris
959 2012 1097 2039 nomen
1127 1999 1248 2038 fuisse
1278 1997 1540 2044 Cleaenetum,
1578 1994 1767 2046 Thucydi-

277 2078 345 2116 des
377 2082 414 2117 et
444 2076 582 2116 Suidas
614 2073 664 2129 (s.
698 2089 733 2115 V.
766 2072 923 2125 Κλέων)
960 2075 1055 2114 satis
1091 2076 1299 2121 testantur3
1341 2074 1443 2110 errat
1476 2069 1690 2109 Scholiasta
1718 2067 1766 2108 ad

276 2151 373 2203 Equ.
394 2154 460 2200 44,
492 2151 557 2202 qui
579 2150 828 2202 Cleonymum
858 2154 1008 2200 patrem
1037 2148 1222 2187 nominat.
1247 2168 1296 2172 —
1318 2144 1466 2184 Deinde
1495 2143 1597 2195 quod
1627 2142 1768 2182 dicitur

277 2226 376 2277 Equ.
408 2228 488 2264 447
519 2237 603 2276 sqq.
637 2225 789 2265 Cleonis
820 2237 913 2263 avus
950 2223 1070 2262 fuisse
1106 2224 1187 2259 τῶν
1219 2210 1442 2275 δορυφόρων
1471 2221 1554 2256 τῶν
1584 2213 1768 2272 Βυρσίνης

277 2303 348 2345 τῆς
380 2294 540 2348 Ἱππίου,
571 2299 715 2338 nullius
745 2302 803 2337 est
833 2297 1013 2336 momenti
1046 2301 1086 2335 ut
1115 2294 1212 2334 falsa
1241 2293 1467 2333 criminatio.

364 2373 515 2413 Cleonis
552 2372 672 2412 filium
705 2371 1012 2413 Cleomedontem
1051 2370 1164 2409 affert
1196 2363 1551 2416 Demosthenesffi):
1589 2362 1684 2419 πρὸς
1724 2355 1768 2401 δὲ

277 2444 432 2493 τούτοις
463 2445 642 2502 φαίνεται
672 2448 697 2490 ἡ
720 2443 849 2500 μήτηρ
874 2458 949 2500 μου
979 2442 1026 2482 τὸ
1057 2446 1215 2498 πρῶτον
1247 2432 1459 2480 ἐκδοθεῖσα
1479 2431 1767 2493 Κλεομέδοντι,

347 2627 392 2666 45)
417 2631 451 2660 In
469 2630 611 2664 oratione,
638 2637 714 2667 quae
737 2627 910 2657 inscn‘bitur
935 2620 950 2654 ὁ
970 2621 1048 2666 πρὸς
1067 2619 1210 2653 Βοιωτὸν
1229 2617 1307 2663 ὑπὲρ
1325 2619 1462 2664 προῖκος
1486 2615 1640 2662 μητρῴας
1651 2614 1766 2659 λόγος,

280 2698 327 2727 pg.
351 2689 434 2718 1016
460 2688 536 2722 init„
563 2687 609 2716 ed.
630 2684 878 2716 Reiske-Schiifer
903 2686 932 2719 2,
963 2683 1034 2713 137.
