2022 3282
835 229 1083 269 -3-

219 359 382 398 ludendo
405 364 516 409 atque
534 358 727 397 irridendo
744 358 914 406 singulos
931 356 1105 394 homines
1123 356 1240 392 risum
1260 367 1411 392 movere
1428 358 1696 404 spectatorum.

220 432 331 482 Quod
363 445 474 471 nemo
505 432 664 470 fortasse
702 434 814 482 poeta
843 436 920 469 tam
953 433 1172 469 constanter
1210 428 1383 478 perduxit
1413 440 1525 479 quam
1557 427 1699 466 Aristo-

219 507 376 557 phanes.
438 506 568 557 Neque
598 518 686 543 vero
720 505 792 542 hoc
830 517 945 542 unum
985 504 1043 542 vel
1082 516 1273 541 summum
1312 503 1384 541 sibi
1425 506 1701 552 proposuerunt

220 582 285 632 qui
313 581 390 619 illis
419 579 655 629 temporibus
676 578 890 616 comoedias
921 578 1166 628 scripserunt,
1198 576 1386 628 imprimis
1409 575 1697 626 Aristophanes.

224 655 427 706 „Comicae
456 653 574 703 poesi,
613 651 735 702 qualis
767 652 866 702 apud
899 652 1044 690 Atticos
1075 651 1344 701 Aristophanis
1374 654 1498 689 aetate
1529 650 1700 697 florebat,

219 741 336 767 unum
383 739 535 777 semper
579 726 756 776 idemque
801 731 881 764 erat
925 729 1192 775 argumentum
1236 725 1494 774 propositum,
1540 724 1703 763 civitatis

223 805 346 841 status
382 805 421 839 et
456 800 635 838 conditio.
696 798 779 848 Quo
819 800 971 851 quidem
1010 800 1049 837 in
1087 802 1310 848 argumento
1341 798 1617 849 Aristophanes
1652 799 1704 836 ita

220 875 365 914 versari
395 874 554 922 solebat,
586 881 628 912 ut
658 873 824 925 aliquam
857 874 961 912 urbis
992 877 1151 922 partem,
1184 885 1280 922 quae
1307 872 1479 911 laborare
1509 873 1580 922 ipsi
1613 884 1704 922 prae

220 948 356 987 ceteris
393 952 430 987 et
465 949 503 986 in
541 948 746 998 perniciem
777 947 1137 993 ruerevidebatur,
1184 950 1263 985 tota
1308 948 1344 985 vi
1388 947 1610 985 facetiarum
1650 947 1706 984 in-

223 1023 401 1073 geniique
431 1023 511 1060 acie
539 1022 581 1060 in
611 1034 724 1061 scena
755 1021 985 1072 explodffl-et,
1017 1020 1128 1059 simul
1160 1033 1248 1059 vero
1274 1021 1535 1059 occasionibus
1566 1020 1705 1059 oblatis

221 1100 406 1144 uteretur,
444 1095 583 1146 quibus
620 1095 788 1145 reliquos
821 1096 935 1134 etiam
965 1095 1129 1134 civitatis
1167 1095 1320 1133 morbos
1349 1094 1579 1145 patefaceret
1608 1098 1645 1133 et
1675 1096 1707 1133 si

223 1183 299 1222 qua
333 1170 381 1208 iis
417 1169 564 1208 medela
601 1170 727 1208 afferri
762 1173 903 1220 posset,
950 1181 1034 1208 eam
1068 1182 1137 1219 pro
1168 1168 1270 1207 virili
1308 1173 1548 1208 monstraret.
1610 1168 1707 1207 Hinc

225 1244 382 1295 quaevis
411 1244 494 1282 eius
525 1243 732 1291 comoedia,
770 1243 859 1282 licet
887 1255 1002 1281 unam
1032 1256 1112 1281 rem
1144 1243 1374 1292 singularem
1405 1244 1501 1282 risui
1532 1248 1706 1294 exponat,

222 1321 352 1356 tamen
396 1318 564 1356 animum
609 1318 846 1357 audientium
890 1318 938 1356 ad
974 1318 1091 1356 totius
1128 1318 1293 1356 civitatis
1338 1318 1579 1356 incommoda
1622 1330 1709 1356 con-

224 1389 417 1438 vertit.“⁸)
477 1391 600 1431 Simul
628 1393 744 1442 igitur
783 1396 820 1430 et
849 1392 1000 1430 iocandi
1040 1396 1079 1430 et
1108 1393 1210 1431 cives
1247 1392 1409 1431 docendi
1447 1405 1561 1431 causa
1598 1395 1710 1442 poeta

224 1466 441 1505 comoedias
478 1479 567 1504 suas
604 1467 828 1517 composuit.
894 1466 1071 1514 „Etenim
1101 1467 1141 1504 in
1179 1467 1391 1517 periculosa
1431 1468 1594 1505 civitatis
1625 1479 1710 1504 con-

225 1540 382 1589 ditione,
414 1552 512 1591 quae
541 1545 629 1590 post
647 1540 803 1579 Periclis
825 1544 984 1578 mortem
1006 1541 1048 1578 in
1069 1553 1236 1580 summas
1260 1545 1505 1591 tempestates
1526 1540 1713 1578 inciderat

226 1618 264 1653 et
292 1614 334 1652 in
362 1614 444 1653 dies
475 1615 598 1664 magis
628 1615 675 1653 ad
707 1615 912 1665 perniciem
937 1615 1133 1664 vergebat,
1165 1616 1279 1654 etiam
1310 1615 1545 1654 comoediam
1576 1613 1649 1661 ille,
1681 1614 1713 1652 si

224 1691 328 1726 recte
366 1687 621 1738 factitaretur,
668 1689 718 1728 ad
759 1688 945 1727 malorum
982 1688 1120 1727 molem
1164 1688 1471 1740 perfringendam
1511 1693 1639 1739 aptam
1677 1693 1714 1726 et

224 1761 401 1801 idoneam
445 1775 529 1801 esse
573 1760 802 1811 censuitf‘9)
870 1763 1020 1801 Primus
1064 1763 1180 1812 igitur
1223 1762 1499 1813 Aristophanes
1545 1775 1631 1800 cum
1675 1763 1713 1800 in

228 1836 393 1886 pristina
422 1837 643 1875 comoediae
673 1837 794 1875 forma
825 1837 896 1876 sibi
927 1849 1005 1875 non
1026 1837 1343 1887 acquiescendum
1372 1849 1455 1876 esse
1475 1836 1714 1886 intelligeret,

230 1909 345 1950 aliam
373 1911 568 1960 ingressus
590 1915 649 1949 est
669 1911 783 1959 viam2
815 1915 856 1949 ut
875 1911 1108 1949 comoediam
1131 1911 1180 1950 ad
1205 1911 1338 1950 altiora
1360 1911 1537 1950 eveheret
1557 1922 1716 1961 eamque

229 1983 407 2024 idoneam
426 1984 580 2030 faceret,
612 1997 710 2035 quae
729 1985 1007 2035 rempublicam
1027 1985 1236 2025 adiuvaret.
1289 1986 1385 2024 Tota
1412 1986 1511 2023 enim
1533 1985 1716 2035 pristinae

232 2059 451 2098 comoediae
487 2060 637 2097 ratione
677 2062 910 2097 commutata
947 2060 1103 2098 evitavit
1142 2059 1174 2097 si
1211 2072 1286 2097 non
1324 2060 1501 2107 omnino,
1546 2063 1588 2097 ut
1631 2059 1717 2109 ipse

231 2118 394 2183 dicit10),
434 2135 474 2172 at
502 2136 604 2171 certe
634 2133 810 2172 adhibuit
840 2132 958 2172 multo
988 2134 1110 2172 rarius
1141 2136 1179 2171 et
1208 2133 1440 2172 moderatius
1471 2145 1602 2171 omnes
1632 2132 1718 2170 illos

302 2294 332 2338 8)
356 2299 483 2338 Sumpta
505 2299 579 2328 haec
603 2302 673 2328 sunt
697 2308 732 2328 ex
758 2298 790 2327 C.
809 2298 990 2328 Ferdinandi
1013 2298 1123 2328 Rankii
1147 2298 1184 2328 de
1204 2299 1339 2328 Nubibus
1356 2298 1565 2337 Aristophanis
1589 2298 1626 2327 ad
1649 2297 1720 2327 Leo-

233 2365 254 2395 p
308 2365 359 2385 um
388 2355 508 2385 fratrem
537 2356 673 2394 epistola,
704 2355 846 2391 Berofini,
880 2356 975 2384 1844.
1007 2365 1056 2394 pg.
1084 2357 1113 2384 3.
1163 2355 1206 2385 Cf.
1235 2355 1384 2387 Wieland,
1415 2355 1637 2393 Uebersetzung
1669 2355 1722 2383 der

234 2412 375 2449 Wolken,
398 2412 496 2449 Wien,
521 2412 620 2447 1813,
644 2421 695 2451 pg.
715 2413 778 2442 107
804 2422 850 2452 sq.

303 2463 333 2509 9)
356 2469 471 2505 Bake,
497 2472 655 2501 comment.
682 2469 719 2498 de
744 2469 805 2499 vita
828 2470 918 2499 Arist.
937 2473 1005 2499 ante
1030 2469 1101 2499 edjt.
1149 2469 1238 2499 Mein.
1264 2479 1313 2508 pg.
1332 2469 1394 2499 XV.

303 2521 349 2564 1⁰)
373 2525 410 2556 cf.
427 2525 558 2556 Nubium
582 2526 750 2564 parabasin,
776 2536 823 2555 vv.
843 2527 905 2556 518
932 2535 998 2565 sqq.
1024 2530 1062 2556 et.
1086 2527 1213 2556 v.‘296:
1246 2520 1283 2554 οὗ
1311 2521 1353 2565 μὴ
1380 2520 1500 2565 σκώψει
1526 2520 1606 2564 μηδὲ
1632 2520 1722 2562 ποιή-

237 2576 397 2623 σειςᾶπερ
415 2577 447 2612 οἱ
470 2577 720 2623 τρυγοδαίμονες
746 2574 846 2623 οὗτοι,
872 2583 922 2613 ubi
947 2584 1122 2613 scholiastes
1146 2584 1178 2612 in
1201 2583 1393 2612 adnotatione
1418 2583 1557 2612 editionis
1582 2581 1627 2612 Fr.
1646 2583 1722 2619 Aug.

236 2639 351 2670 Wolffii
380 2639 454 2670 haec
483 2639 619 2669 exhibet:
666 2635 916 2680 τρυγοδαίμονες
956 2652 1009 2669 ——:
1053 2634 1082 2667 οἱ
1112 2634 1250 2679 κωμικοὶ
1281 2634 1368 2679 παρὰ
1398 2635 1435 2667 τὸ
1469 2634 1721 2678 κακοδαίμονες·

236 2689 302 2724 ἐπεὶ
326 2691 446 2725 πολλοὶ
471 2691 502 2724 ἐν
527 2694 594 2730 ’.οἷς
620 2691 794 2736 ποιήμασιν
821 2691 927 2724 αὐτῶν
953 2690 1145 2736 ἀνθρώπους
1171 2690 1293 2735 εἶςῆγον
1318 2689 1472 2736 χέζοντὰς
1499 2702 1530 2722 τε
1557 2691 1607 2722 καὶ
1634 2690 1723 2734 ἔτερα

239 2747 360 2794 αἰσχρὰ
389 2752 571 2788 ποιοῦντας.
613 2748 705 2793 Λέγει
736 2747 769 2780 δὲ
800 2748 837 2780 δι’
866 2747 1005 2781 Εὔπολιν
1038 2748 1090 2780 καὶ
1122 2748 1275 2792 Κρατῖνον
1308 2748 1358 2779 καὶ
1390 2748 1462 2785 τοὺς
1496 2745 1623 2785 ἄλλους.
1679 2752 1722 2781 Cf.

239 2811 275 2840 K.
294 2810 327 2840 O.
345 2810 462 2845 Mffller,
489 2810 605 2840 Griech.
624 2811 692 2840 Litt.
719 2811 754 2844 11,
781 2812 857 2838 211.
