2022 3282
755 211 1035 252 ..15-

153 332 295 385 ὲνδεῶς
331 344 477 396 γνῶναι
514 339 602 377 κτλ.
641 361 692 367 -
735 338 830 376 Tum
876 338 1102 388 saepissime
1141 337 1273 376 Cleoni
1312 337 1494 387 cuiusque
1539 335 1638 374 modi

154 416 248 454 vitia
277 415 521 460 obiiciantur,
560 412 786 463 improbitas
817 409 933 461 (103,
970 409 1107 460 1408),
1138 410 1290 448 furandi
1318 412 1444 459 (205),
1475 411 1640 447 rixarum

153 489 249 536 (258
270 501 369 539 sqq.,
405 487 513 535 710),
544 487 728 537 pecuniae
755 486 837 534 (69,
872 487 965 531 707,
1001 485 1094 531 718,
1132 482 1255 533 1222)
1285 484 1435 534 cupido,
1469 483 1573 521 fraus
1603 484 1640 520 in

153 562 269 600 rebus
300 561 465 612 publicis
497 559 631 607 (258),
667 558 856 610 permulta
888 558 980 601 alia,
1020 569 1136 608 quae,
1173 570 1221 595 ne
1251 558 1391 595 nimius
1420 558 1459 595 in
1492 569 1638 595 enume-

150 635 272 674 rando
309 636 400 683 sim,
439 635 556 672 missa
591 633 741 671 faciam.
783 654 830 658 —
876 631 1000 670 Versu
1044 633 1119 669 137
1158 630 1276 669 Cleon
1323 631 1460 668 dicitur
1499 622 1640 684 ἅρπαξ,

151 705 386 762 κεκράκτης,
421 703 680 760 Κυκλοβόρου
711 704 842 760 φωνὴν
874 708 986 759 ἔχων.
1037 707 1163 755 Atque
1193 717 1279 742 cnm
1310 705 1464 754 saepius
1485 704 1531 742 de
1562 705 1642 742 eius

150 783 298 829 habitu,
328 781 448 828 vultu,
479 793 584 829 voce,
616 780 766 818 dicendi
796 780 909 818 modo
934 779 1119 817 traditum
1140 780 1202 827 sit,
1233 778 1457 828 colligamus
1478 779 1640 827 singula.

151 855 429 906 Aristophanes
465 867 542 893 non
577 867 664 892 raro
701 854 748 892 de
785 854 856 892 hac
893 866 933 891 re
969 853 1148 903 loquitur.
1224 852 1266 890 In
1305 852 1511 903 Equitibus
1548 852 1642 890 haec

152 930 416 977 inveniuntur,
453 942 489 968 v.
522 931 620 967 304:
662 921 693 965 ὦ
730 924 844 981 μιαρὲ
881 926 948 973 καὶ
986 918 1149 980 βδελυρὲ
1186 929 1360 979 κρᾶκτα,
1401 929 1503 965 311:
1542 922 1642 970 ὅςτις

151 1004 264 1057 ἡμῶν
292 1000 365 1047 τὰς
394 999 559 1046 Ἀθήνας
590 1000 884 1055 ἐκκεκώφωκας
914 999 1032 1051 βοῶν,
1067 1002 1164 1040 626:
1199 997 1219 1037 ὃ
1251 990 1286 1037 δῖ
1317 996 1376 1053 ἄρ’
1407 990 1516 1037 ἔνδον
1549 997 1641 1037 ἐλα-

151 1074 317 1130 σίβροντ’
348 1074 589 1131 ἀναρρηγνὺς
618 1077 706 1122 ἔπη,
736 1075 781 1114 cf.
813 1075 926 1125 Vesp.
951 1077 1002 1113 34
1034 1088 1139 1126 sqq.:

421 1146 595 1187 κᾶπειτα
625 1146 781 1194 τούτοις
811 1153 911 1186 τοῖσι
942 1147 1155 1202 προβάτοις
1186 1143 1376 1202 μούδόκει

420 1214 661 1278 δημηγορεῖν
691 1220 867 1277 φάλαινα
895 1216 1201 1275 πανδοκεύτρια,

421 1299 567 1352 ἔχουσα
597 1295 730 1351 φωνὴν
762 1293 1063 1350 ἐμπεπρημένης
1092 1293 1168 1341 ὑός.

151 1370 212 1423 (cf.
237 1371 350 1421 596),
381 1372 428 1410 cf.
451 1371 566 1422 Voep.
592 1373 700 1411 1030
725 1384 797 1422 sqq
816 1402 825 1416 ,
857 1371 943 1409 Pac.
970 1372 1046 1410 752
1069 1385 1152 1422 sqq.
1183 1376 1254 1410 cet.
1307 1371 1506 1410 Accedunt
1536 1373 1639 1410 testi-

151 1447 278 1485 monia
312 1446 528 1495 Plutarchi,
568 1446 650 1484 Nic.
681 1447 727 1484 8:
772 1441 915 1482 Κλέων
953 1443 1022 1482 τὸν
1059 1444 1123 1483 ἐπὶ
1161 1448 1234 1483 τοῦ
1273 1443 1452 1499 βήματος
1493 1444 1641 1499 κόσμον

150 1517 300 1558 ἀνελὼν
330 1519 397 1557 καὶ
428 1523 582 1574 πρῶτος
612 1518 652 1557 ἐν
684 1523 741 1568 τῷ
775 1509 1013 1574 δημηγορεῖν
1044 1517 1282 1575 ἀνακραγὼν
1305 1518 1373 1557 καὶ
1399 1516 1641 1573 περισπάσας

147 1593 194 1632 τὸ
231 1595 391 1648 ἱμάτιον
420 1596 488 1631 καὶ
518 1591 588 1630 τὸν
619 1591 741 1648 μηρὸν
771 1585 954 1639 πατάξας
990 1592 1058 1630 καὶ
1096 1585 1230 1648 δρόμῳ
1271 1591 1374 1648 μετα
1405 1598 1476 1631 τοῦ
1511 1593 1641 1648 λέγειν

149 1666 235 1722 ἅμα
277 1665 521 1723 χρησάμενος
564 1671 638 1710 τὴν
683 1666 896 1722 ὀλιγωρίαν
940 1671 1013 1705 τοῦ
1051 1665 1268 1718 πρέποντος
1311 1667 1515 1710 ἐνεποίϊ.σε
1560 1672 1642 1712 τοῖς

147 1741 481 1796 πολιτευομένοις,
503 1742 586 1781 Tib.
605 1741 766 1782 Gracch.
786 1744 808 1780 2
833 1740 952 1793 (vitae
977 1743 1014 1790 2,
1037 1755 1099 1792 pg.
1120 1742 1236 1788 984):
1265 1739 1447 1795 καθάπερ
1470 1738 1641 1779 Κλέωνα

147 1814 216 1854 τὸν
236 1812 434 1859 Ἀθηναῖον
456 1813 658 1871 ἱστόρηται
678 1814 916 1870 περισπάσαι
938 1828 982 1854 τε
1002 1814 1075 1857 τὴν
1096 1814 1308 1870 περιβολὴν
1339 1815 1406 1853 καὶ
1428 1814 1497 1853 τὸν
1519 1814 1641 1870 μηρὸν

146 1882 323 1936 πατάξαι
359 1894 517 1945 πρῶτον
553 1894 635 1928 τῶν
673 1880 1008 1945 ὃημήῃόρούντων
1048 1890 1108 1934 (cf.
1141 1889 1239 1928 Plut.
1269 1891 1362 1940 reip.
1401 1903 1478 1939 ger.
1515 1903 1638 1940 praec.

146 1978 208 2015 pg.
240 1968 341 2013 803,
378 1977 436 2015 cp.
469 1964 521 2014 7).
599 1964 706 2003 Adde
754 1963 1017 2002 testimonium
1062 1964 1300 2002 Scholiastae
1352 1966 1391 2002 in
1437 1965 1640 2003 Aeschinis

146 2039 380 2087 orationem,
418 2050 516 2090 quae
546 2038 685 2077 dicitnr
718 2035 826 2076 κατὰ
857 2033 1062 2092 Τιμάρχου
1096 2037 1146 2087 (Ι,
1181 2039 1253 2086 25,
1286 2051 1349 2089 pg.
1386 2041 1454 2085 14,
1499 2042 1541 2077 11
1578 2039 1637 2077 ed.

147 2112 337 2161 Dindorfj',
367 2113 433 2164 qni
451 2113 547 2151 haec
566 2113 701 2151 habet:
735 2112 898 2167 λέγεται
922 2102 966 2149 δὲ
990 2107 1130 2149 Κλέων
1153 2112 1172 2149 ὁ
1197 2103 1440 2167 δημαγωγὸς
1459 2110 1641 2164 παραβὰς

146 2184 192 2224 τὸ
224 2179 267 2231 ἐξ
296 2184 411 2232 ἔθους
441 2190 577 2240 σχῆμα
606 2178 925 2240 περιζωσάμενος
955 2176 1248 2241 δημηγορῆσαι.
1302 2186 1359 2224 Ex
1389 2187 1527 2237 quibus
1557 2199 1640 2237 per—

148 2261 243 2299 bene
279 2260 450 2310 intellegi
486 2264 635 2311 potest,
674 2260 797 2312 qualis
836 2260 951 2298 fuerit
989 2259 1146 2300 Cleonis
1185 2261 1225 2298 in
1259 2261 1435 2299 contione
1472 2261 1640 2308 habitus,

146 2307 285 2386 quali*
301 2335 436 2373 modus
466 2334 630 2383 dicendi,
660 2347 784 2384 neque
814 2340 884 2380 est,
924 2347 992 2372 cur
1020 2333 1216 2372 Plutarchi
1249 2335 1376 2373 verbis
1407 2334 1637 2373 diffidamus.

149 2409 251 2448 Idem
283 2412 448 2447 testatur
475 2408 604 2447 Schol.
627 2408 784 2447 anian.
837 2408 985 2447 Timon.
1008 2421 1067 2459 cp.
1092 2409 1142 2447 29
1173 2408 1421 2459 (Theopomp.
1441 2408 1568 2458 Frgm.
1588 2411 1638 2448 99

144 2483 184 2521 in
214 2483 341 2532 Frgm.
362 2483 452 2521 hist.
475 2482 609 2522 Graec.
639 2483 696 2521 ed.
718 2479 915 2534 Mueller):
957 2512 964 2520 .
988 2514 997 2522 .
1023 2512 1030 2520 .
1063 2477 1125 2536 Ὀ,
1147 2473 1192 2520 δὲ
1223 2478 1365 2520 Κλέων
1397 2473 1639 2537 δημαγωγὸς

143 2549 192 2599 ἦν
232 2554 444 2600 Ἀθηναίων
479 2554 652 2611 προστὰς
689 2556 822 2594 αὐτῶν
862 2554 964 2594 ἑπτα
1005 2558 1096 2599 ἐτη
1135 2554 1175 2601 ὅς
1210 2559 1365 2609 πρῶτος
1399 2547 1639 2611 δημηγορῶν

146 2621 360 2686 ἀνέκραγεν
392 2628 455 2668 ἐπὶ
486 2627 665 2683 βήματος
702 2628 770 2667 καὶ
801 2622 1085 2684 ἐλοιδορτζσατο
1117 2630 1214 2678 κτὲ.,
1255 2643 1418 2681 (1110011111
1449 2631 1639 2669 consentit

147 2703 272 2743 Schol.
305 2704 352 2743 ad
381 2703 537 2743 Lucian.
570 2703 721 2743 Timon.
753 2707 804 2744 30
837 2702 1025 2755 (Philoch.
1047 2704 1091 2742 fr.
1118 2700 1235 2756 106):
1276 2700 1634 2753 Ἐπέστηῌὲλέων)

146 2777 214 2816 καὶ
254 2783 303 2830 τῇ
342 2777 435 2832 πρὸς
463 2768 809 2832 Λακεδαιμονίους
841 2776 989 2831 εἰρήνῃ,
1031 2778 1082 2822 ὡς
1112 2774 1333 2831 Φιλοχορος
1372 2777 1438 2815 καὶ
1472 2774 1636 2831 Ἀριστο-
