2022 3282
825 231 1100 272 —19--

227 365 352 411 poeta,
384 360 588 399 dummodo
618 360 736 398 risum
767 363 917 397 moveat
947 362 1214 408 spectatorum.
1267 357 1378 396 Certe
1408 371 1516 396 nemo
1549 358 1709 408 putabit,

228 435 352 485 ipsum
383 439 533 485 poetam
564 434 652 472 talia
684 446 752 484 pro
785 433 882 471 veris
913 432 1104 470 habuisse.
1155 431 1240 468 Non
1273 431 1396 469 minus
1424 431 1558 470 falsam
1590 431 1711 469 crimi-

227 509 418 547 nationem
440 521 524 547 esse
555 508 740 556 existimo,
772 506 872 557 quod
895 506 947 554 (V.
971 504 1069 555 464)
1092 505 1210 545 Cleon
1242 505 1281 542 in
1302 505 1565 555 Peloponneso
1597 505 1712 542 fuisse

227 583 378 632 dicitur,
408 596 483 621 non
513 587 554 620 ut
575 582 735 631 Argivos
766 580 1066 619 Atheniensibus
1090 579 1322 628 conciliaret,
1357 579 1422 617 sed
1455 583 1496 618 ut
1523 579 1569 617 de
1592 580 1712 630 pretio

228 657 465 708 captivorum
510 655 816 694 redimendorum
858 667 943 693 cum
989 654 1299 693 Lacedaemoniis
1348 658 1488 703 ageret.
1571 652 1711 691 Eodem

230 731 342 769 modo
381 744 438 770 VV.
472 732 549 769 987
591 743 676 782 sqq.
714 730 870 780 fingitur
906 728 1037 768 fabula
1074 728 1259 780 quaedam
1301 727 1346 766 de
1387 728 1511 778 prima
1551 727 1716 778 pueritia

230 804 397 859 Cleonis,
428 807 472 842 ut
501 817 586 844 eum
617 817 640 843 a
668 816 786 854 puero
818 803 990 842 venalem
1021 803 1135 841 fuisse
1166 803 1459 842 demonstretur.

315 872 388 918 Sed
409 879 504 917 haec
531 880 729 918 hactenus.
781 878 906 930 Atque
927 882 970 916 ut
990 877 1064 916 alia
1094 877 1295 929 permulta,
1328 888 1424 927 quae
1447 876 1545 927 apud
1567 876 1715 915 Aristo-

232 954 394 1006 phanem
427 954 474 992 de
507 952 647 993 Cleone
684 954 947 1001 inveniuntur,
993 952 1066 991 hoc
1108 951 1192 991 loco
1235 950 1458 1002 singillatim
1497 962 1718 989 enumerare

230 1028 422 1078 omittam,
472 1031 658 1079 quantum
704 1027 819 1066 fuerit
863 1027 991 1065 odium
1038 1030 1172 1077 poetae
1217 1027 1254 1064 in
1301 1025 1552 1074 demagogum
1597 1023 1718 1065 illum.

231 1102 514 1141 evidentissime
535 1107 695 1153 apparet
723 1114 768 1140 ex
788 1101 1044 1151 descriptione
1064 1101 1151 1150 viri,
1183 1113 1281 1151 quae
1309 1099 1502 1138 invenitur
1521 1099 1561 1137 in
1583 1097 1719 1148 vespis

233 1177 321 1215 inde
351 1189 373 1216 a
393 1189 505 1215 versu
531 1178 649 1215 1030.
700 1176 822 1227 Prope
843 1175 958 1214 iidem
982 1188 1113 1214 versus
1144 1175 1275 1213 insunt
1303 1175 1342 1212 in
1363 1174 1461 1212 Pace
1484 1172 1578 1224 (752
1602 1168 1718 1223 sqq),

169 1270 174 1273 ⁴
233 1255 346 1303 atque
376 1251 430 1290 ibi
461 1263 526 1290 eos
556 1263 601 1289 ex
631 1251 755 1302 priore
785 1250 935 1290 actione
966 1250 1076 1288 Pacis
1107 1249 1301 1288 desumtos
1332 1261 1426 1297 esse,
1464 1260 1561 1298 quae
1594 1246 1721 1298 paullo

235 1332 325 1377 post
353 1325 501 1376 Vespas
530 1326 658 1374 fiebat,
690 1338 873 1377 apparere
905 1324 999 1363 mihi
1031 1324 1192 1362 videtur.
1203 1320 1252 1374 27)
1309 1323 1412 1361 Dicit
1442 1327 1556 1372 poeta
1588 1318 1720 1374 (Vesp.

237 1402 343 1439 1030
375 1396 500 1452 sqq.):

289 1473 377 1512 ἀλλ’
400 1469 642 1528 Ἡρακλέους
672 1471 791 1530 ὀργήν
821 1470 892 1510 τιν’
925 1474 1024 1528 ἔχων
1054 1476 1158 1510 τοῖσι
1190 1470 1387 1528 μεγίστοις
1419 1468 1619 1525 ἐπεχείρει,

291 1546 467 1604 θρασέως
498 1542 643 1595 ξυστὰς
674 1547 790 1594 εὐθὺς
820 1544 887 1586 ἀπ’
919 1547 1040 1603 ἀρχῆς
1072 1546 1181 1596 αὐτῷ
1211 1549 1270 1597 τῷ
1302 1536 1604 1600 καρχαρόδοντι,

292 1617 337 1662 οὗ
369 1617 595 1662 δεινόταται
627 1620 697 1679 μὲν
728 1620 795 1661 ἀπ’
828 1620 1047 1678 ὀφθαλμῶν
1079 1617 1230 1666 Κύννης
1262 1620 1416 1665 ἀκτῖνες
1448 1620 1639 1675 ἔλαμπον,

294 1696 438 1738 ἑκατὸν
471 1689 514 1737 δὲ
544 1695 680 1749 κύκλῳ
712 1696 886 1752 κεφαλαὶ
917 1694 1102 1735 κολάκων
1133 1687 1409 1750 οἰμωξομένων
1441 1693 1663 1751 ἐλιχμῶντο

291 1771 378 1829 περὶ
406 1770 480 1817 τὴν
511 1770 701 1829 κεφαλήν,
733 1770 863 1828 φωνήν
895 1764 929 1810 δ’
952 1767 1052 1826 εἶχεν
1083 1760 1280 1826 χαράδρας
1311 1766 1475 1823 ὄλεθρον
1503 1766 1725 1817 τετοκυίας,

292 1845 428 1904 φώκης
450 1838 643 1902 δ’ὀσμῆν,
673 1845 819 1901 λαμίας
841 1844 966 1902 ὄρχεις
996 1842 1209 1893 ἀπλύτους,
1240 1841 1424 1898 πρωκτὸν
1456 1835 1499 1881 δὲ
1530 1840 1726 1898 καμήλου.

238 1921 432 1970 vilissime
460 1922 579 1971 igitur
609 1921 727 1962 Cleon
756 1921 987 1972 depingitur,
1027 1932 1150 1971 neque
1181 1930 1409 1970 quemquam
1447 1918 1535 1955 huic
1566 1917 1729 1967 descrip-

237 1997 332 2036 tioni
372 1996 490 2035 fidem
527 1996 747 2035 habiturum
787 2008 871 2035 esse
911 1995 1151 2046 perspicuum
1197 1997 1266 2032 est.
1344 1992 1420 2031 Sed
1465 1996 1568 2031 recte
1611 1990 1730 2029 nihilo

241 2071 368 2111 minus
405 2070 497 2109 fecit
530 2074 643 2120 poeta
680 2070 867 2119 comicus,
906 2081 1071 2119 namque
1110 2072 1210 2106 certe
1247 2066 1352 2105 nulla
1387 2078 1428 2104 re
1466 2066 1590 2115 magis
1627 2077 1731 2115 spec—

241 2145 405 2185 tantium
425 2144 545 2183 risum
566 2147 604 2183 et
623 2143 850 2195 applausum
871 2155 1024 2181 movere
1046 2143 1180 2193 potuit.
1233 2140 1418 2180 Versibus
1439 2139 1730 2190 insequentibus

241 2218 374 2259 eodem
413 2218 526 2258 modo
562 2218 603 2257 in
641 2216 838 2257 Socratem
881 2217 1148 2268 sophistasque
1184 2216 1396 2264 invehitur,
1443 2227 1538 2265 quos
1577 2214 1654 2252 iam
1693 2213 1732 2251 in

237 2290 418 2354 'ubibus
454 2293 741 2345 perstrinxerat.
818 2292 952 2331 Totam
999 2291 1103 2330 illam
1147 2291 1355 2341 imaginem
1392 2288 1566 2340 quamvis
1605 2287 1734 2326 divina

246 2367 413 2419 quadam
453 2370 586 2418 poetae
628 2367 762 2406 comici
800 2366 953 2405 licentia
991 2369 1270 2414 commentam,
1310 2368 1437 2402 tamen
1479 2362 1583 2401 nullo
1621 2362 1733 2400 modo

246 2441 357 2490 nobis
377 2453 508 2480 verum
530 2440 710 2480 Cleonem
743 2444 830 2479 ante
852 2439 982 2479 oculos
1012 2452 1153 2490 ponere
1174 2452 1284 2478 nemo
1313 2450 1389 2476 non
1413 2437 1550 2476 credet.
1604 2437 1734 2487 Neque

245 2526 335 2553 vero
366 2515 456 2566 quia
485 2515 671 2566 optimum
709 2526 898 2566 quemque
943 2514 1063 2552 civem
1103 2512 1339 2562 gravissimis
1378 2511 1591 2562 exagitabat
1620 2511 1734 2557 notis,

248 2588 499 2640 Aristophani
529 2601 678 2628 morum
708 2588 991 2639 improbitatem
1022 2587 1186 2626 obiicere
1221 2587 1416 2625 debemus.
1477 2584 1585 2633 Quod
1615 2585 1736 2622 nostri

311 2703 360 2748 2Ὗ)
385 2709 498 2739 Omitto
522 2708 580 2738 hoc
610 2708 677 2737 loco
709 2707 830 2737 uberius
863 2707 1008 2736 disserere
1039 2706 1076 2735 de
1108 2705 1287 2735 difficillima
1317 2705 1368 2734 illa
1393 2705 1582 2743 quaestione,
1617 2703 1653 2731 de
1678 2712 1736 2741 qua

247 2765 430 2796 conferenda
452 2768 498 2795 est
521 2765 669 2803 Droyseui
694 2764 786 2803 praes.
811 2765 849 2794 ad
873 2764 939 2793 Pac.
966 2772 1014 2802 pg.
1040 2764 1105 2792 354
1131 2772 1188 2801 sq„
1222 2772 1291 2792 uum
1318 2765 1406 2800 poeta
1431 2762 1505 2791 duas
1530 2761 1620 2790 Faces
1645 2759 1736 2797 scrip-

246 2823 319 2852 serit
342 2827 432 2861 atque
457 2831 517 2861 quo
542 2826 675 2860 tempore
700 2825 782 2851 actae
806 2821 874 2850 siut.
