2022 3282
798 222 1072 263 -25—

190 345 232 397 ἐξ
265 346 317 389 ὧν
352 347 396 388 ἂν
427 344 641 406 χχρίζ’τ,οἱ)ε
664 347 934 402 βλαπτόμενοι
967 345 1078 384 Ἀὐτοὶ
1111 346 1330 393 ἀκροῶνται
1362 345 1484 397 ὑμῶν,
1519 340 1606 380 ἀλλ’
1639 334 1678 387 ἐξ

192 419 244 464 ὧν
276 421 322 463 ἂν
353 426 453 479 ἰσχύι
485 423 639 479 μᾶλλον
669 419 693 466 ἢ
726 428 776 474 τῇ
807 419 964 460 ἐκείνων
1002 419 1132 470 εὐνοίᾳ
1161 414 1490 473 περιγένησῦεῇἫ
1552 416 1677 465 Quare

191 503 230 539 et
249 499 497 550 Mytilenaeos
528 498 656 536 necari
690 497 807 535 voluit
836 501 874 534 et
904 499 1033 545 postea
1067 506 1169 532 anno
1201 493 1279 531 423
1313 495 1445 530 auctor
1475 491 1545 528 suit
1576 489 1678 529 Seio-

191 586 372 612 naeorum
411 572 666 612 necandorum
705 569 769 619 (cf.
808 569 977 620 Thucyd.
1012 571 1050 616 4,
1095 568 1195 614 122,
1234 565 1350 603 Arist.
1382 564 1495 615 Vesp.
1532 567 1611 603 210
1644 568 1680 603 et

190 643 347 695 Schol).
407 645 447 684 In
486 644 788 684 administranda
831 643 898 682 tali
941 642 1052 681 modo
1096 639 1289 691 republica
1327 638 1482 677 Periclis
1522 638 1680 687 vestigia

191 720 408 771 premebat,
447 720 512 769 qui
543 722 581 758 et
609 719 694 769 ipse
725 730 802 756 non
832 717 950 755 nimia
981 714 1196 762 elementia,
1233 713 1301 752 sed
1333 713 1370 751 vi
1401 725 1495 762 opus
1527 724 1610 751 esse
1641 713 1678 749 in

195 793 318 832 socios
349 805 576 844 persuasum
607 793 680 831 sibi
710 792 888 831 habebat.
947 789 1070 838 Quam
1102 788 1289 827 rationem
1322 799 1395 825 non
1429 786 1562 824 falsam
1595 798 1679 823 esse

191 867 272 918 ipse
309 866 551 907 adversarius
591 866 781 905 Diodotus
827 863 1006 903 coneedit
1040 859 1116 914 (ep.
1151 865 1202 900 44
1233 858 1354 911 init),
1400 873 1485 899 cum
1523 860 1605 898 iure
1640 859 1679 897 in

191 940 441 992 Mytilenaeos
468 940 683 980 consultum
714 951 795 978 esse
825 937 929 977 nullo
959 937 1072 976 modo
1102 938 1226 986 neget,
1257 939 1405 973 tantum
1427 932 1463 984 (ξ
1485 930 1525 984 4)
1548 936 1680 973 contra

194 1011 383 1068 εὐπρεπὲς
404 1018 474 1054 τοῦ
506 1012 654 1053 ἐκείνου
684 1011 809 1069 λόγου
840 1014 1013 1063 opponat
1042 1007 1088 1048 τὸ
1116 1007 1304 1064 χρήσιμον
1333 1011 1404 1046 τοῦ
1439 1006 1548 1062 ἐμοῦ,
1580 1006 1680 1058 quod

196 1085 381 1142 εὐπρεπές
421 1101 504 1128 esse
533 1085 580 1126 τὸ
614 1077 858 1140 δικαιότερον
890 1080 986 1124 εἶναι
1026 1082 1148 1122 αὐτοῦ
1179 1079 1248 1120 τὸν
1279 1079 1400 1137 λόγον
1431 1081 1570 1120 docent
1598 1093 1681 1131 pro-

159 1200 164 1203 .
192 1161 294 1200 xima
326 1159 389 1212 (ef.
409 1152 541 1213 Poppo
571 1162 608 1200 h.
631 1161 688 1210 L).
753 1159 1021 1212 „Quamquam
1052 1158 1166 1205 enim,
1205 1152 1399 1207 inquit35),
1434 1156 1474 1194 in
1506 1154 1681 1193 omnibus

192 1235 412 1276 civitatibus
447 1235 637 1287 permulta
673 1235 831 1275 erimina
870 1237 994 1274 morte
1022 1231 1255 1279 multantur,
1293 1233 1420 1268 tamen
1457 1229 1682 1279 saepissime

192 1309 367 1348 homines
396 1322 584 1349 novarum
613 1322 741 1349 rerum
762 1308 890 1359 cupidi
922 1307 1102 1357 exagitati
1132 1317 1200 1356 spe
1223 1304 1397 1355 prosperi
1427 1306 1585 1343 eventus
1607 1315 1681 1341 non

193 1383 372 1423 dubitant
401 1385 460 1423 vel
491 1384 657 1424 maxima
687 1382 858 1435 pericula
888 1382 1028 1421 subire.
1083 1379 1192 1429 Quod
1225 1382 1414 1417 testantur
1439 1378 1463 1416 ii
1488 1378 1553 1428 qui
1583 1389 1685 1415 nunc

193 1457 445 1498 defectionem
482 1458 685 1510 periclitati
721 1463 822 1497 sunt.
885 1456 1016 1507 Neque
1056 1467 1144 1494 vero
1185 1453 1296 1492 nobis
1332 1465 1402 1503 par
1439 1456 1497 1490 est
1534 1464 1683 1490 omnem

193 1532 244 1571 iis
270 1544 378 1583 spem
408 1533 563 1572 levioris
597 1545 743 1584 poenae
773 1532 954 1571 adimere.
1012 1529 1128 1569 Nulla
1157 1528 1259 1567 enim
1290 1539 1358 1577 spe
1388 1525 1522 1565 salutis
1552 1525 1685 1564 relicta

197 1606 245 1646 ad
276 1606 582 1658 desperationem
604 1607 799 1657 perducti
830 1606 964 1645 ultima
1006 1603 1201 1643 audebunt
1237 1605 1352 1652 atque
1388 1613 1437 1640 ne
1471 1601 1511 1638 in
1542 1603 1684 1638 certam

196 1686 354 1720 mortem
384 1681 544 1730 irruant,
576 1694 695 1732 usque
715 1681 765 1720 ad
795 1679 1094 1720 internecionem
1128 1679 1343 1728 pugnantes
1364 1674 1497 1713 urbem
1519 1673 1684 1713 deletam

193 1767 383 1807 agrosque
413 1759 584 1795 vastatos
614 1756 726 1795 nobis
746 1755 953 1794 victoribus
983 1752 1201 1803 relinquent
1220 1761 1343 1801 neque
1365 1749 1510 1788 tributa
1540 1747 1685 1786 solvere

174 1831 394 1879 poterunt,
433 1829 573 1880 quibus
611 1833 744 1869 nostra
782 1832 950 1880 potestas
984 1839 1100 1879 quam
1131 1825 1293 1864 maxime
1323 1824 1456 1862 nititur
1488 1820 1686 1876 (ἰσχύομεν

193 1893 244 1940 δὲ.
268 1899 475 1957 πρὸςτοὺς
501 1900 715 1958 πολεμίους
736 1892 843 1952 τῷδε
878 1899 972 1954 [scil.
995 1905 1083 1947 ταῖς
1110 1889 1447 1955 προσόδοις3θ)]).“
1492 1896 1685 1944 Videmus,

191 1976 397 2016 Diodotum
430 1978 603 2029 quamvis
625 1977 779 2017 Cleonis
810 1976 1024 2016 sententiae
1059 1973 1290 2015 eontrarium
1318 1976 1447 2011 tamen
1479 1971 1617 2009 iniuria
1646 1971 1683 2008 in

191 2038 442 2102 Mytilenaeos
487 2052 548 2102 agi
586 2051 689 2091 nullo
735 2051 846 2090 modo
885 2051 1031 2099 dicere,
1076 2053 1224 2089 tantum
1270 2047 1457 2086 mitiorem
1499 2046 1687 2085 rationem

178 2123 340 2164 .eivibus
378 2126 614 2176 profuturam
656 2138 739 2165 esse
776 2138 861 2165 eum
901 2137 1070 2164 censere.
1130 2125 1257 2174 Atque
1289 2135 1334 2161 ex
1374 2122 1456 2172 ipso
1488 2121 1684 2177 suffragio,

170 2204 222 2250 «q
270 2210 272 2213 '
338 2199 384 2239 de
421 2199 493 2238 hac
528 2213 570 2238 re
607 2200 725 2239 latum
764 2205 822 2238 est
861 2197 933 2250 (cp.
964 2201 1015 2238 49
1048 2198 1168 2249 init),
1210 2197 1351 2235 clarum
1385 2197 1445 2244 fit,
1484 2200 1688 2246 utramque

195 2285 237 2312 se
266 2273 423 2313 tentiam
463 2287 585 2326 paene
623 2274 724 2313 idem
766 2273 932 2313 valuisse
971 2274 1072 2325 apud
1109 2274 1209 2312 cives
1248 2276 1284 2312 et
1314 2272 1493 2313 Cleonem
1533 2273 1686 2310 minime

168 2350 326 2387 tantae
363 2349 465 2399 apud
504 2348 656 2400 plebem
695 2348 813 2387 fuisse
857 2349 1116 2397 auctoritatis,
1166 2352 1206 2386 ut
1250 2360 1400 2398 semper
1438 2348 1520 2385 eius
1559 2347 1688 2397 opinio

196 2419 435 2499 vinceret37).
495 2424 639 2463 Tamen
678 2423 819 2464 Gieone
856 2428 1010 2463 auctore
1047 2423 1133 2476 plus
1171 2422 1275 2461 mille
1307 2421 1523 2473 Mytilenaei
1561 2422 1684 2460 necati

265 2521 311 2566 3⁴¹)
336 2526 374 2556 cf.
392 2526 529 2565 Droysen
555 2527 576 2562 Ι,
603 2528 656 2556 82.

265 2578 311 2623 ³⁵)
336 2592 382 2622 cp.
401 2584 444 2612 45
470 2591 526 2623 sq.
553 2583 588 2613 cf.
609 2582 751 2614 Schaefer
775 2594 823 2623 pg.
843 2585 896 2614 24.

266 2635 551 2681 36)cf.Thuc.11,
586 2641 870 2676 1:3‚11biPe1iclos
894 2641 975 2671 cives
1000 2641 1096 2674 iubet,
1130 2636 1168 2669 τὰ
1199 2638 1263 2668 τῶν
1298 2634 1478 2680 ξυμμάγυι
1505 2636 1531 2667 ὂ
1528 2634 1555 2667 .J.
1581 2648 1629 2680 γυ
1635 2635 1686 2672 :og

198 2691 292 2738 ἔχειν,
317 2692 465 2738 λέγων
451 2704 506 2736 την
532 2691 752 2738 ἰσγυιαύτοῖς
778 2693 840 2725 ἀπο
860 2693 1013 2725 τούτων
1001 2688 1134 2738 eimys
1127 2691 1274 2737 ημοίτιυ
1295 2694 1347 2734 τῆς
1368 2704 1407 2736 πρ
1413 2705 1471 2724 000
1477 2693 1545 2736 600,
1571 2705 1597 2725 7..
1615 2704 1630 2709 ·
1635 2692 1685 2726 ,J

269 2749 316 2794 3³)
343 2753 380 2784 cf.
398 2754 536 2793 Droysen
561 2754 869 2789 1,82:.Jede11falls
895 2754 973 2784 lehrt
997 2755 1046 2784 die
1070 2755 1244 2792 angesiihite
1270 2754 1351 2783 Rode
1378 2754 1486 2782 Klonsn
1529 2753 1597 2783 dmi·
1623 2755 1685 2783 dci

199 2810 282 2840 selbo
305 2811 490 2850 keineswegs
508 2811 807 2842 Volksschmoichler
831 2811 860 2841 in
886 2811 953 2841 dem
975 2812 1066 2841 Sinne
1092 2821 1159 2847 war,
1187 2812 1240 2840 wic
1263 2820 1329 2840 man
1357 2812 1385 2839 in
1411 2811 1464 2840 der
1480 2811 1570 2849 Rege!
1597 2812 1684 2840 moini

749 2924 767 2939 0
