1956 3227
875 171 1117 210 ..6-

259 294 360 331 tione
390 297 568 344 tanquam
590 296 732 334 concha
762 296 841 334 hiet
872 295 1058 345 (similiter
1080 298 1245 335 Acharn.
1270 311 1328 334 vv.
1360 301 1432 336 133
1462 302 1499 337 et
1521 301 1599 338 634
1622 300 1734 351 sqq).

260 366 380 406 Affert
408 367 492 406 illos
522 382 655 407 versus
686 369 810 419 Bergk
842 370 960 420 (apud
994 371 1104 409 Mein.
1136 370 1180 418 II,
1216 373 1251 418 2,
1287 373 1380 420 976,
1412 371 1454 410 fr.
1485 375 1573 421 15):

527 437 751 496 Ἀνέχασκον
783 436 834 488 εἷς
865 440 1029 488 ἕκαστος
1059 443 1333 498 ἐμφερέστατα

529 512 772 568 ὀπτωμέναις
803 513 1005 571 κόγχαισιν
1038 515 1098 554 ἐπὶ
1129 521 1209 554 τῶν
1241 514 1464 572 ἀνθράκων.

258 589 593 628 Evidentissimum
624 590 905 638 testimonium,
944 590 1210 641 Aristophanis
1252 592 1288 629 in
1330 592 1489 642 singulis
1520 593 1738 633 hominibus

259 662 477 700 cavillandis
513 663 665 701 veritati
702 675 897 713 nunquam
930 664 1040 702 nimis
1077 665 1307 703 credendum
1338 666 1493 717 eiusque
1523 667 1739 706 auctoritati

260 749 332 774 non
364 736 457 774 adeo
493 736 652 774 multum
683 737 794 775 nobis
830 737 1075 775 tribuendum
1107 750 1212 787 esse,
1250 742 1373 777 exstat
1409 740 1450 777 in
1480 741 1739 790 protervitate,

258 822 332 860 qua
368 810 545 848 tractavit
576 809 770 850 Socratem
800 811 1082 861 philosophum.
1154 811 1194 850 In
1226 824 1338 863 quem
1370 812 1485 863 poeta
1520 813 1587 852 tali
1626 814 1739 853 modo

258 884 429 922 invectus
460 887 534 932 est,
575 888 614 923 ut
643 885 716 922 nisi
753 897 797 922 ex
835 884 919 922 aliis
950 885 1220 923 sincerioribus
1259 885 1428 924 fontibus
1467 899 1554 925 eum
1584 900 1739 938 cognos-

258 970 440 1004 ceremus,
477 970 562 996 eum
594 959 701 1009 quasi
732 958 936 1009 perniciem
965 959 1146 997 iuvenum
1177 959 1469 998 Atheniensium
1499 973 1570 999 nos
1599 961 1740 1000 habere

258 1034 456 1082 oporteret.
469 1028 518 1084 15)

343 1106 438 1146 Cum
479 1106 594 1155 igitur
628 1106 906 1156 Aristophanes
955 1107 995 1145 in
1040 1105 1252 1145 cavillando
1299 1111 1336 1145 et
1383 1107 1648 1148 calumniando
1685 1113 1743 1148 tot

258 1180 449 1231 tantisque
479 1180 569 1218 viris
599 1192 676 1218 non
709 1181 937 1231 pepercerit,
973 1180 1084 1219 facile
1121 1181 1281 1231 quisque
1322 1181 1470 1227 credet,
1509 1195 1594 1221 eum
1627 1183 1740 1223 etiam

259 1256 296 1292 in
318 1253 509 1302 Cleonem,
541 1255 605 1305 qui
636 1267 783 1293 summa
804 1254 878 1292 illis
907 1254 1144 1304 temporibus
1176 1255 1299 1303 gratia
1328 1259 1365 1293 et
1392 1256 1619 1295 auctoritate
1640 1257 1740 1307 apud

257 1328 508 1366 Athenienses
543 1328 713 1376 florebat,
758 1341 833 1367 non
870 1328 923 1366 ita
966 1327 1170 1366 clementer
1214 1341 1253 1366 se
1297 1329 1474 1378 gessisse,
1518 1331 1741 1380 praesertim

258 1415 355 1450 cum,
400 1402 500 1453 quod
547 1402 645 1440 infra
689 1402 916 1449 videbimus,
961 1402 1066 1440 illum
1112 1405 1247 1452 poetae
1291 1402 1408 1441 fuisse
1451 1403 1740 1443 infestissimum

258 1479 415 1514 constet.
478 1474 603 1524 Quare
646 1475 718 1514 hoc
761 1477 833 1514 erit
876 1476 1166 1514 fundamentum
1202 1479 1373 1515 nostrum
1412 1477 1452 1515 in
1487 1477 1741 1517 diiudicandis

257 1550 523 1600 Aristophanis
561 1550 607 1588 de
645 1548 786 1588 Cleone
824 1550 930 1599 locis,
976 1554 1017 1588 ut
1053 1551 1085 1588 si
1130 1550 1220 1601 quid
1255 1550 1346 1588 mali
1391 1551 1438 1589 de
1475 1564 1518 1589 eo
1549 1552 1740 1601 afferatur,

257 1625 386 1662 fictum
417 1624 454 1662 id
485 1636 569 1662 esse
600 1623 811 1672 credamus,
849 1624 923 1662 nisi
953 1619 1039 1663 aliis
1069 1636 1219 1675 quoque
1256 1624 1400 1663 nitatur
1430 1627 1678 1675 argumentis,
1709 1627 1742 1665 si

259 1698 349 1750 quid
372 1698 460 1737 boni
481 1697 539 1736 vel
559 1698 674 1736 medii
695 1697 742 1736 de
763 1698 844 1737 eius
865 1698 979 1736 rebus
1000 1698 1219 1737 domesticis
1241 1702 1278 1737 et
1300 1698 1464 1749 politicis
1486 1699 1741 1749 praedicetur,

258 1773 339 1811 sine
369 1771 603 1811 dubitatione
633 1772 672 1810 id
702 1784 770 1822 pro
802 1784 889 1810 vero
920 1772 1139 1811 habeamus.

343 1845 411 1884 His
443 1847 483 1884 in
512 1847 730 1884 universum
761 1846 945 1896 expositis
975 1847 1050 1885 iam
1072 1846 1119 1884 ad
1151 1845 1300 1896 singula
1329 1845 1564 1885 accedamus.
1615 1848 1742 1898 Atque

258 1921 332 1959 iam
362 1921 400 1958 in
432 1917 713 1972 Babyloniislss)
745 1920 793 1959 ab
815 1920 1073 1971 Aristophane
1103 1919 1283 1959 Cleonem
1315 1921 1480 1969 graviter
1510 1921 1740 1972 exagitatum

259 2008 340 2033 esse
370 1998 528 2034 constat.
589 1994 632 2033 In
669 1995 806 2046 quibus
841 1997 954 2045 poeta
990 2006 1147 2032 causam
1177 1994 1388 2043 sociorum,
1428 2007 1588 2045 quorum
1624 1994 1742 2046 legati

258 2069 528 2120 Dionysiorum
560 2069 777 2108 solennitati
810 2069 884 2119 ipsi
912 2068 1181 2116 interfuerunt,
1220 2072 1298 2106 tam
1329 2067 1471 2106 fervide
1502 2069 1579 2118 egit
1608 2074 1743 2108 contra

259 2142 409 2182 Cleonis
447 2143 765 2191 dominationem,
810 2146 852 2180 ut
889 2154 911 2180 a
954 2142 1164 2192 demagogo
1198 2142 1240 2180 in
1276 2141 1335 2179 ius
1373 2145 1594 2191 vocaretur,
1636 2143 1737 2193 quod

259 2220 415 2267 apparet
450 2229 495 2255 ex
530 2217 708 2268 parabasi
745 2216 1071 2265 Acharnensium,
1118 2216 1185 2254 ubi
1222 2218 1322 2254 recte
1359 2215 1450 2254 dicit
1487 2214 1737 2256 Scholiastes:

261 2281 504 2344 ἐκωμῴὃησε
548 2287 623 2346 γάρ
667 2286 785 2335 τάςτε
830 2285 1037 2341 κληρωτὰς
1076 2286 1144 2326 καὶ
1187 2286 1464 2343 χειροτονητὰς
1509 2285 1630 2343 ἀρχὰς
1673 2287 1740 2327 καὶ

261 2360 428 2402 Κλέωνα
455 2360 661 2418 παρόντων
683 2367 763 2401 τῶν
785 2355 904 2409 ξένων
933 2362 992 2412 (de
1014 2374 1089 2414 qua
1110 2374 1224 2402 causa
1243 2362 1290 2402 cf.
1307 2359 1436 2414 infra).
1486 2362 1740 2402 Referendum

327 2509 370 2553 15)
396 2513 440 2544 cf.
457 2513 603 2552 Droysen,
628 2512 752 2551 praefat.
770 2513 816 2542 ad.
835 2512 920 2547 Rau„
947 2511 982 2548 II,
1009 2512 1084 2542 258.

328 2566 374 2609 16)
400 2569 493 2606 Quam
518 2569 648 2599 fabulam
679 2572 767 2608 poeta
795 2569 953 2598 secundam
983 2572 1052 2607 post
1074 2568 1267 2598 Daetalenses
1299 2569 1330 2597 in
1360 2577 1479 2598 scenam
1504 2567 1638 2597 exhibuit
1661 2577 1738 2598 anno

260 2631 327 2657 ante
351 2627 571 2663 Acharnenses,
606 2627 719 2664 magnis
743 2627 894 2664 Dionysiis
919 2626 988 2655 anni
1013 2626 1077 2655 426
1109 2622 1160 2664 (cf.
1186 2624 1281 2663 Bergk
1306 2625 1387 2664 apud
1411 2624 1498 2654 Mein.
1524 2624 1559 2654 fr.
1587 2633 1662 2654 com.
1687 2624 1738 2654 Gr.

261 2685 296 2719 ΙΙ,
324 2687 352 2719 2,
380 2684 466 2721 966),
492 2684 619 2713 advertit
642 2686 739 2712 autem
765 2684 895 2712 animum
919 2683 950 2712 in
969 2683 1124 2712 comoedia
1147 2682 1200 2712 illa
1222 2682 1352 2720 primum
1375 2682 1413 2711 ad
1429 2690 1476 2711 res
1500 2680 1644 2720 publicas,
1672 2691 1739 2712 cum

260 2741 290 2771 in
316 2741 542 2772 Daetalensibus
566 2742 654 2770 vitam
681 2740 904 2769 Atheniensium
931 2741 1074 2778 privatam
1099 2739 1328 2777 perstrinxisset.
