1989 3216
926 203 1202 244 —18—

329 340 373 365 ex
395 339 439 366 ea
459 340 499 366 re
521 332 690 378 apparet,
723 340 836 379 quam
862 334 1134 368 commemorat
1155 331 1422 382 Theopompus
1432 328 1498 384 26);
1531 328 1582 370 'O
1605 323 1648 370 δὲ
1671 329 1811 370 Κλέων

329 390 571 456 δημαγωγὸς
606 395 654 443 ἦν
685 398 894 445 Ἀθηναίων
928 400 1100 457 προστὰς
1142 403 1273 441 αὐτῶν
1316 402 1417 443 ἑπτα
1456 406 1550 455 ἔτη,
1589 402 1630 451 ὃς
1657 409 1812 460 πρῶτος

327 466 564 528 δημηγορῶν
596 472 809 531 ἀνέκραγεν
841 474 902 514 ἐπὶ
933 474 1110 530 βήματος
1145 476 1211 515 καὶ
1243 468 1546 531 ἐλοιδορήσατο,
1583 477 1726 532 θρασὺς
1756 475 1811 517 ὢν

327 544 463 596 οὕτως,
495 546 604 596 ὤςτε,
635 546 769 594 καθὼς
794 546 1036 604 Θεόπομπος
1064 551 1218 605 ἱστορεῖ,
1251 549 1579 595 συνεληλυθότων
1600 549 1811 596 Ἀθηναίων

325 618 535 675 παρελθεῖν
557 622 609 667 εἰς
629 619 702 665 την
731 621 944 666 ἐκκλησίαν
966 621 1160 678 στέφανον
1183 626 1339 679 ἔχοντα,
1372 624 1438 663 καὶ
1464 626 1648 664 κελεῦσαι
1669 623 1811 671 αὐτοὺς

326 691 599 745 ἀναβαλέσθαι
644 692 713 733 τὸν
756 693 968 751 σύλλογον·
1013 698 1223 753 τυγχάνειν
1260 695 1335 753 γαρ
1375 697 1497 737 αὐτὸν
1537 697 1706 748 θύοντα,
1746 697 1812 737 καὶ

326 761 457 814 ξένους
478 768 611 819 ἑστιᾷν
633 766 844 823 μέλλοντα,
876 769 942 807 καὶ
975 761 1158 809 διαλῦσαι
1178 769 1250 815 την
1283 770 1509 815 ἐκκλησίαν.
1559 773 1653 813 Rem
1683 777 1814 812 narrat

325 843 436 880 etiam
467 842 695 882 Plutarchus
735 845 774 882 in
804 844 1013 894 Praeceptt.
1045 844 1134 895 pol.‚
1175 858 1249 884 non
1288 845 1418 885 addito
1457 851 1622 887 auctore.
1690 847 1813 887 Tanta

324 920 450 954 autem
488 917 666 966 audacia,
708 922 748 956 ut
787 918 1001 957 contionem
1042 931 1110 956 suo
1147 919 1306 958 arbitrio
1345 919 1520 969 solveret,
1559 921 1678 962 Cleon
1713 925 1814 960 certe

324 1002 520 1041 nunquam
551 1004 642 1029 usus
673 995 773 1030 esset
803 992 969 1042 impune,
1002 992 1076 1030 nisi
1107 1004 1257 1031 summa
1288 994 1369 1032 eius
1398 994 1534 1034 fuisset
1558 996 1682 1045 gratia
1711 996 1813 1047 apud

325 1064 519 1115 populum.
545 1087 598 1092 —
632 1065 775 1114 Quodsi
807 1067 1038 1117 quaerimuS,
1070 1070 1224 1117 propter
1254 1079 1348 1117 quas
1378 1081 1439 1107 res
1471 1070 1565 1108 bene
1595 1072 1724 1120 gestas
1754 1069 1812 1108 vel

324 1139 372 1177 ob
403 1151 515 1189 quam
541 1139 717 1178 virtutem
748 1144 896 1178 tantum
917 1140 1018 1190 apud
1046 1141 1146 1179 cives
1167 1141 1342 1191 valuerit,
1372 1142 1561 1193 imprimis
1581 1155 1643 1182 res
1664 1143 1813 1195 Pylicae

323 1213 434 1251 nobis
465 1214 503 1250 in
534 1218 698 1252 mentem
731 1215 900 1263 veniunt,
933 1215 1074 1266 quibus
1105 1215 1221 1255 Cleon
1253 1215 1457 1255 militarem
1488 1216 1648 1266 gloriam
1679 1221 1813 1256 nactus

325 1290 391 1326 est.
451 1287 506 1325 De
537 1288 676 1338 quibus
713 1288 811 1327 infra
851 1289 1080 1328 narrabitur.
1140 1289 1394 1328 Athenienses
1433 1294 1476 1329 ut
1513 1291 1635 1330 virum
1673 1292 1720 1330 de
1756 1304 1799 1330 re

328 1360 480 1411 publica
508 1362 650 1412 optime
679 1362 854 1401 meritum
884 1363 1094 1402 honoribus
1122 1363 1381 1413 singularibus
1411 1365 1656 1414 honorarent,
1687 1366 1813 1405 decre-

324 1440 469 1483 verunt,
501 1439 543 1474 ut
572 1436 720 1486 publice
750 1437 790 1474 in
810 1437 999 1488 Prytaneo
1031 1438 1206 1486 aleretur,
1238 1438 1337 1488 quod
1370 1450 1415 1477 ex
1447 1439 1645 1489 permultis
1666 1438 1812 1479 Aristo—

323 1510 460 1560 phanis
498 1509 591 1548 locis
630 1515 786 1561 apparet
823 1508 885 1561 (cf.
917 1511 1015 1562 Equ.
1050 1513 1129 1551 280
1162 1524 1263 1563 sqq.,
1303 1514 1396 1561 709,
1437 1515 1536 1552 766:
1579 1511 1701 1568 ὥςπερ
1732 1512 1814 1552 νυνὶ

326 1574 449 1638 μηδὲν
473 1573 617 1637 δράσας
649 1574 816 1622 δειπνεῖν
840 1584 878 1623 ἐν
909 1589 967 1635 τῷ
998 1583 1236 1641 πρυτανείῳ,
1273 1588 1378 1625 1404
1400 1584 1487 1637 sq.).
1535 1587 1672 1627 Eidem
1692 1589 1815 1628 honor

321 1658 486 1696 tributus
525 1662 582 1695 est
620 1659 659 1696 in
696 1659 830 1709 primis
867 1659 1007 1698 theatri
1055 1660 1246 1699 subselliis
1283 1660 1441 1699 sedendi
1478 1660 1542 1710 (cf.
1579 1662 1677 1713 Equ.
1711 1665 1811 1703 7022

325 1730 465 1769 ἀπολῶ
489 1743 530 1768 σε
553 1728 598 1774 νη
619 1730 694 1775 την
725 1722 934 1787 προεδρίαν
964 1731 1036 1776 την
1068 1734 1112 1772 ἐκ
1137 1729 1301 1783 Πύλου),
1333 1746 1496 1785 eumque
1526 1747 1666 1775 corona
1695 1737 1815 1776 civica

325 1805 508 1844 donatum
540 1817 623 1844 esse
655 1806 777 1845 elucet
807 1800 852 1845 ex
882 1806 978 1859 Equ.
1012 1821 1046 1846 v.
1074 1809 1198 1848 1227:
1230 1804 1413 1846 κατάθου
1443 1805 1598 1864 ταχέως
1625 1807 1695 1847 τὸν
1725 1806 1813 1848 στέ-

325 1891 459 1933 φανον.
491 1901 544 1906 ——
577 1878 682 1928 Quae
713 1879 869 1919 Cleonis
909 1894 996 1920 vere
1033 1882 1079 1920 de
1116 1881 1312 1932 republica
1349 1883 1486 1921 merita
1522 1887 1564 1921 ut
1600 1883 1749 1923 minuat
1777 1888 1816 1923 et

324 1955 362 1992 in
408 1953 611 1992 ridiculum
657 1958 792 2003 vertat,
840 1954 1119 2006 Aristophanes
1163 1956 1290 2006 ipsum
1335 1969 1421 1994 eum
1458 1956 1683 2006 gloriantem
1721 1957 1816 1997 facit

322 2028 460 2066 iterum
490 2031 602 2078 atque
623 2028 774 2077 iterum,
806 2029 852 2067 cf.
876 2029 971 2080 Equ.
997 2032 1091 2078 355,
1126 2032 1201 2069 391
1227 2042 1326 2081 sqq.,
1357 2030 1423 2069 ubi
1452 2042 1528 2068 non
1550 2029 1715 2081 Cleonis,
1746 2032 1814 2070 sed

324 2102 590 2140 Demosthenis
623 2103 762 2141 virtute
794 2103 929 2142 bellica
959 2103 1094 2154 Pylum
1132 2107 1281 2154 captam
1311 2116 1415 2151 esse,
1455 2103 1635 2143 Cleonem
1665 2108 1813 2144 tantum

322 2175 482 2225 gloriam
513 2176 585 2214 sibi
616 2189 799 2227 usurpare
830 2182 941 2228 poeta
971 2178 1148 2226 affirmat,
1183 2179 1262 2216 742
1292 2190 1391 2229 sqq.,
1427 2180 1547 2227 1005,
1585 2179 1690 2218 1058
1712 2192 1810 2231 sqq.,

328 2252 447 2298 1167,
481 2251 603 2299 1172,
639 2251 766 2297 1201;
798 2252 889 2302 quin
921 2252 1034 2289 etiam
1067 2264 1100 2290 v,
1127 2249 1205 2290 765
1229 2250 1382 2290 Cleonis
1406 2252 1542 2290 merita
1562 2264 1646 2291 cum
1668 2253 1815 2292 meritis

323 2324 487 2362 duorum
520 2327 730 2362 scortorum
760 2328 842 2363 tum
872 2325 1106 2363 famosorum
1139 2328 1362 2375 aequantur.

408 2398 570 2437 Restant
598 2410 720 2448 pauca
749 2399 789 2436 in
820 2398 1003 2450 Equitum
1041 2398 1171 2438 fabula
1201 2402 1412 2437 memoratu
1442 2398 1570 2449 digna.
1631 2399 1813 2440 Versibus

325 2473 403 2510 316
427 2484 508 2522 sqq.
563 2471 678 2510 Cleon
700 2472 878 2521 agricolis
908 2472 1006 2511 male
1028 2472 1161 2523 depsta
1193 2474 1296 2511 coria
1327 2485 1395 2522 pro
1425 2472 1534 2511 bonis
1553 2485 1623 2524 per
1641 2473 1813 2514 fraudem

324 2545 538 2584 vendidisse
575 2547 756 2595 arguitur.
830 2546 886 2585 Ne
923 2545 1060 2596 puerili
1099 2546 1255 2597 quidem
1293 2546 1533 2585 accusatione
1569 2559 1610 2586 se
1647 2548 1815 2587 abstinet

393 2716 438 2761 26)
465 2722 561 2759 Frgm.
589 2723 628 2751 99
655 2722 735 2760 apud
760 2722 886 2751 Mueller
911 2722 956 2752 Fr.
981 2722 1049 2751 hist.
1075 2723 1188 2757 Graee.‚
1221 2720 1322 2753 Schol.
1350 2721 1419 2751 Luc.
1445 2722 1518 2752 Tim.
1545 2731 1592 2761 cp.
1611 2724 1663 2759 29,
1693 2727 1764 2754 tom.
1785 2726 1813 2760 1,

323 2786 371 2815 pg.
397 2779 455 2806 142³
482 2778 575 2807 Reitz.
