1989 3216
946 192 1219 231 -16-

341 314 476 371 φάνης7
516 316 698 372 προσθεὶς
730 320 902 373 ἄρχονται
935 314 1125 357 Εὔθυνον.
1188 314 1452 371 Ἀριστοτέλης
1484 312 1527 356 δὲ
1560 318 1626 357 καὶ
1656 312 1820 374 περιζω-

341 389 508 446 σάμενον
555 390 673 429 χύτὸν
717 388 825 446 λέγει
872 384 1165 446 δημηγορῆσαι,
1214 392 1265 436 εἰς
1309 389 1380 435 τὴν
1426 389 1657 446 θρασύτητα
1701 392 1821 432 αὐτὸν

340 463 624 503 ἀποσκώπτων.
683 465 808 503 Locus
839 468 898 503 est
928 465 1036 503 valde
1073 465 1253 503 difficilis.
1313 465 1499 504 Intellexit
1528 466 1601 505 iam
1633 467 1821 506 Hemster-

340 539 487 582 husius,
530 539 645 577 verba
676 551 748 576 von
788 550 871 576 esse
910 538 1035 588 plana.
1097 538 1192 577 Nam
1234 551 1354 590 neque
1393 539 1492 589 apud
1523 539 1820 590 Aristophanem

343 612 506 662 Euthyni
539 612 732 649 archontis
763 624 900 649 nomen
925 612 1130 659 invenitur,
1162 625 1284 662 neque
1314 613 1353 650 in
1384 613 1430 650 iis
1453 613 1670 651 Aristotelis
1699 613 1820 662 libris,

341 685 405 736 qui
435 685 561 723 adhuc
593 685 733 723 servati
764 688 866 734 sunt,
899 685 1104 735 quidquam
1137 686 1182 724 de
1203 685 1356 724 Cleonis
1375 686 1509 724 habitu
1529 686 1705 736 traditur,
1735 699 1821 725 cum

341 759 488 797 duobus
526 762 673 796 tantum
716 758 807 796 locis
848 757 972 806 (Rhet.
1006 760 1042 805 2,
1084 760 1106 796 2
1138 764 1174 797 et
1207 761 1243 807 3,
1285 762 1321 806 5,
1362 759 1512 798 Bekker
1549 761 1586 807 2,
1625 773 1686 811 pg.
1720 763 1822 799 1378

342 836 379 870 et
411 831 535 881 1407)
574 833 724 870 nomine
756 831 908 870 Cleonis
946 831 1108 882 exempli
1147 833 1269 880 gratia
1306 836 1450 871 utatur,
1506 833 1631 882 Quare
1668 835 1727 872 vir
1760 833 1823 872 ille

341 906 582 944 doctissimus
619 906 665 943 ad
702 906 802 943 hunc
843 905 966 943 locum
1003 904 1240 944 Scholiastae
1272 906 1389 944 verba
1425 907 1479 944 ita
1507 906 1714 957 disposuit:
1756 902 1823 952 Ὠς

341 975 560 1033 Φιλόχορος
598 976 780 1032 προσθεὶς
819 975 990 1032 ἄρχοντα.
1027 974 1203 1016 Εὔθυνον
1239 978 1304 1016 καὶ
1340 975 1613 1033 Ἀριστοτέλης.
1661 975 1822 1034 Ἀριστο-

343 1049 464 1107 φάνης
487 1043 530 1090 δὲ
552 1050 617 1089 καὶ
638 1052 719 1090 κτὲ.
771 1053 904 1091 Restat
930 1064 1019 1090 vero
1051 1065 1096 1090 ea
1127 1049 1347 1100 difficultas,
1380 1053 1480 1103 quod
1509 1066 1586 1092 non
1606 1054 1820 1105 Euthynus,

343 1127 407 1165 sed
446 1125 649 1165 Stratocles
688 1139 731 1164 eo
771 1139 870 1164 anno
910 1126 1048 1164 archon
1086 1126 1165 1164 fuit.
1239 1125 1424 1176 Equidem
1463 1140 1540 1165 non
1581 1128 1710 1176 video,
1749 1141 1823 1179 quo

342 1201 454 1239 modo
484 1200 590 1238 locus
623 1201 752 1238 sanari
782 1200 915 1250 possit.
968 1202 1017 1238 At
1048 1203 1149 1238 certe
1180 1201 1280 1238 inest
1308 1201 1567 1239 testimonium
1598 1201 1644 1239 de
1673 1191 1824 1240 Cleonis

343 1278 423 1312 arte
455 1274 616 1312 dicendi.
672 1272 792 1322 Quem
823 1286 1053 1324 quamquam
1085 1274 1124 1312 in
1154 1274 1315 1313 dicendo
1346 1274 1454 1312 valde
1484 1287 1507 1313 a
1535 1274 1678 1313 Pericle
1709 1275 1823 1313 distu—

342 1348 433 1386 lisse
473 1351 641 1396 constat,
681 1352 809 1386 tamen
846 1360 956 1386 nemo
994 1354 1165 1386 veterum
1202 1349 1373 1398 negavit,
1411 1348 1533 1387 fuisse
1572 1349 1695 1387 virum
1733 1349 1825 1387 artis

342 1421 491 1460 dicendi
530 1421 639 1459 valde
679 1422 852 1472 peritum
916 1421 1044 1460 Affero
1080 1425 1213 1460 testem
1248 1423 1493 1469 Ciceronem,
1534 1423 1600 1472 qui
1637 1423 1676 1460 in
1707 1422 1825 1461 Bruto

344 1494 396 1543 (7,
431 1494 498 1544 28)
537 1496 630 1534 haec
659 1496 793 1534 habet:
838 1495 1017 1535 Cleonem
1048 1497 1161 1534 etiam
1193 1496 1430 1546 temporibus
1461 1495 1536 1534 illis
1565 1495 1826 1535 turbulentum

343 1568 446 1606 illum
480 1569 631 1619 quidem
664 1569 804 1617 civem,
843 1571 909 1608 sed
939 1574 1066 1608 tamen
1098 1569 1337 1620 eloquentem
1373 1573 1522 1608 constat
1551 1569 1681 1608 fuisse.
1743 1569 1826 1620 Ipse

345 1643 583 1694 Thucydides
613 1643 684 1681 hoc
725 1644 857 1681 testari
903 1644 1051 1682 videt-ur
1082 1656 1167 1681 cum
1211 1647 1291 1682 tota
1320 1643 1385 1681 illa
1428 1644 1600 1682 oratione
1644 1644 1682 1681 in
1727 1643 1825 1682 libro

343 1718 454 1754 tertio
496 1715 566 1766 (cp.
602 1718 650 1754 37
685 1715 783 1767 sqq.)
823 1713 1024 1767 scripta‘25)
1062 1721 1141 1755 tum
1180 1717 1306 1755 verbis
1342 1717 1429 1764 illis,
1469 1717 1607 1767 quibus
1645 1716 1822 1757 Cleonem

342 1790 486 1828 inducit
517 1788 590 1839 (III,
625 1788 712 1839 36):
747 1787 889 1828 Κλέων
923 1791 942 1827 ὁ
976 1787 1231 1837 Κλεαινέτου,
1264 1787 1317 1828 ὢν
1348 1789 1414 1827 καὶ
1445 1790 1481 1835 ἐς
1510 1787 1563 1827 τοὶ
1593 1786 1700 1827 ἄλλα
1729 1788 1828 1841 βιαι-

345 1860 487 1908 ότατος
517 1867 596 1900 τῶν
627 1863 814 1910 πολιτῶν,
846 1867 903 1914 τῷ
934 1876 979 1901 τε
1013 1854 1127 1919 δήμῳ
1159 1862 1265 1913 παρὰ
1297 1861 1397 1901 πολὺ
1429 1863 1467 1901 ἐν
1497 1867 1555 1914 τῷ
1586 1861 1679 1901 τότε
1711 1861 1827 1901 πιθα-

345 1935 534 1982 νώτατος.
587 1938 682 1975 Nam
714 1950 785 1975 vox
816 1937 881 1976 illa
910 1935 1073 1982 πιθανὸς
1103 1938 1175 1976 hoc
1206 1939 1288 1977 loco
1318 1950 1395 1976 non
1421 1950 1507 1976 eum
1536 1937 1705 1976 indicare
1737 1938 1829 1976 mihi

345 2011 509 2060 videtur,
540 2012 605 2061 qui
636 2011 767 2061 populi
799 2012 921 2060 gratia
950 2012 1140 2059 utebatur,
1173 2012 1230 2050 vel
1262 2024 1361 2060 eum,
1393 2013 1457 2062 qui
1488 2011 1693 2062 plurimum
1724 2011 1828 2062 apud

345 2085 526 2135 populum
558 2085 728 2133 valebat,
768 2089 809 2123 ut
840 2085 1062 2136 plerumque
1092 2085 1324 2136 explicatur,
1363 2086 1429 2124 sed
1460 2085 1611 2135 proprie
1641 2085 1778 2124 dicitur
1808 2097 1829 2123 a

346 2158 566 2209 Thucydide
597 2159 643 2197 de
675 2159 827 2199 Cleonis
858 2164 939 2215 arte
971 2160 1133 2208 dicendi,
1166 2160 1436 2210 comprobante
1466 2159 1621 2198 Photio:
1656 2155 1831 2196 πιθανώ-

346 2243 483 2277 τατος·
517 2233 536 2269 ὁ
567 2231 857 2278 mammon-03
888 2231 953 2270 καὶ
982 2230 1129 2270 πείθων
1159 2231 1250 2278 τοὺς
1279 2229 1466 2278 πολλούς;
1499 2233 1544 2272 cf.
1568 2233 1682 2271 etiam
1709 2232 1828 2272 Thuc-

347 2306 409 2355 IV,
444 2307 514 2344 21:
547 2302 685 2343 Κλέων
718 2305 738 2343 ὁ
770 2302 1028 2352 Κλεαινέτου,
1066 2304 1161 2360 ἀνὴρ
1193 2296 1435 2362 δημαγωγὸς
1465 2303 1554 2344 κατ’
1586 2304 1733 2344 ἐκεῖνον
1762 2303 1831 2344 τὸν

347 2377 483 2433 χρόνον
505 2375 558 2416 ὢν
586 2379 653 2416 καὶ
684 2383 741 2430 τῷ
772 2377 916 2423 πλήθει
947 2377 1244 2425 πιθανώτατος·
1278 2378 1344 2418 καὶ
1375 2381 1525 2418 ἔπεισεν
1546 2377 1832 2434 ἀποκρίνασθαι

415 2528 459 2570 25)
484 2533 528 2562 De
561 2542 621 2571 qua
651 2533 783 2562 oratione
814 2533 852 2563 cf.
884 2533 970 2562 infra.
1035 2533 1106 2562 Eam
1137 2534 1228 2571 magis
1261 2534 1348 2563 etiam
1384 2543 1474 2573 quam
1509 2536 1619 2564 ceteras
1650 2532 1831 2572 Thucydidis

349 2591 497 2619 orationes
522 2590 558 2619 ad
584 2590 796 2628 sophistarum,
830 2591 955 2619 maxime
981 2590 1106 2627 Gorgiae
1131 2593 1290 2628 praecepta
1315 2591 1507 2630 compositam
1533 2593 1562 2620 et
1585 2590 1732 2620 excultam
1757 2599 1830 2626 esse,

349 2650 427 2676 recte
463 2647 538 2676 vidit
568 2647 722 2682 Schaefer,
761 2648 812 2686 qui
855 2648 886 2676 in
916 2647 1123 2676 dissertatione
1161 2647 1198 2675 de
1231 2647 1349 2677 Cleonis
1380 2647 1433 2677 illa
1470 2648 1602 2677 oratione
1636 2647 1708 2676 haec
1743 2646 1834 2676 habet

350 2701 414 2742 (pg.
440 2704 512 2740 17):
545 2705 698 2743 Nusquam
729 2707 837 2738 tamen,
870 2704 987 2742 opinor,
1019 2704 1144 2742 scriptor
1168 2703 1239 2733 belli
1264 2704 1506 2742 Peloponnesiaci
1536 2705 1629 2742 magis
1659 2697 1831 2744 γοργιὰζει,

351 2770 437 2798 quam
463 2762 493 2789 in
518 2761 554 2789 iis
579 2761 674 2790 verbis
700 2771 777 2799 quae
803 2761 943 2791 Cleonem
968 2761 1140 2800 loquentem
1165 2761 1245 2790 facit.
