2022 3282
805 198 1057 238 -7-

190 339 272 363 esse
302 325 349 363 ad
382 326 481 364 hanc
512 339 587 363 rein
627 325 771 363 videtur
801 325 1050 372 fragmentum
1084 325 1287 374 quoddam,
1321 325 1419 375 quod
1452 323 1672 362 Athenaeus

189 396 272 451 (IX,
310 412 372 449 pg.
403 401 483 438 494
515 398 563 447 D)
604 412 647 437 ex
677 398 897 449 Babyloniis
929 398 1047 436 affert.
1065 396 1107 442 ¹7)
1168 398 1357 437 Bacchum
1392 399 1491 436 enim
1524 398 1672 435 induxit

186 477 308 524 poeta,
354 485 465 523 quem
505 473 574 511 viri
605 472 808 522 populares
840 472 877 510 in
910 472 969 510 ius
1000 477 1238 517 vocaverant,
1271 476 1384 523 atque
1415 486 1438 510 a
1471 484 1546 521 quo
1578 472 1669 510 satis

185 547 425 597 impudenter
464 547 563 585 dona
601 546 845 595 flagitabant,
886 546 960 583 nisi
998 546 1132 595 capitis
1170 545 1341 584 damnari
1380 546 1502 585 vellet.
1565 545 1668 593 Quos

187 621 288 660 viros
317 620 497 661 Cleonem
528 620 685 670 eiusque
715 620 840 658 socios
872 632 953 658 esse
983 619 1072 658 licet
1101 619 1316 658 coniectura
1347 621 1512 670 assequi.

298 694 568 733 Vehementius
612 696 724 744 poeta
770 706 855 732 eum
901 705 1108 743 aggressus
1154 697 1212 732 est
1256 694 1295 732 in
1341 694 1536 744 sequentis
1578 694 1669 731 anni

182 768 313 807 fabula
350 779 469 818 usque
506 767 551 806 ad
592 770 761 806 nostrum
798 771 948 818 tempus
980 770 1140 806 servata.
1201 768 1277 806 Iam
1308 767 1418 806 initio
1449 768 1667 806 Acharneu-

184 843 295 891 sium,
326 854 423 893 quae
453 841 583 880 fabula
614 841 723 880 docta
754 846 811 880 est
842 840 900 880 Ol.
934 843 998 890 88,
1032 844 1052 878 3
1085 838 1216 894 (425),
1247 843 1347 880 inest
1375 843 1525 891 gravior
1556 854 1667 892 quae-

182 915 270 955 dam
314 916 518 954 accusatio.
597 915 854 966 Dicaeopolim
904 915 1136 969 gaudentem
1187 916 1333 954 inducit
1376 919 1507 966 poeta,
1565 916 1666 966 quod

182 988 301 1028 Cleon
333 989 501 1040 quinque
529 989 673 1028 talenta
708 989 866 1027 reddere
904 993 1054 1028 coactus
1085 990 1133 1028 sit
1167 990 1214 1028 ab
1245 990 1450 1040 equitibus.
1511 990 1566 1028 De
1595 991 1666 1028 hac

180 1076 222 1102 re
253 1062 486 1102 Scholiastes
517 1061 567 1113 (V.
598 1063 638 1112 6)
676 1064 771 1102 haec
801 1063 934 1101 habet:
984 1055 1186 1117 ἐζημιώθη
1219 1061 1293 1118 γάρ
1327 1063 1345 1101 ὁ
1378 1059 1518 1101 Κλέων
1548 1060 1665 1101 πέντε

179 1133 360 1175 τάλαντα
391 1127 456 1174 διὰ
476 1134 523 1175 τὸ
555 1129 717 1191 ὑβρίζειν
747 1134 840 1182 τοὺς
871 1133 1022 1182 ἱππέας.
1061 1135 1168 1191 παρὰ.
1198 1141 1278 1175 τῶν
1309 1141 1511 1179 νησιωτῶν
1545 1136 1664 1188 ἔλαβε

179 1208 297 1250 πέντε
340 1208 523 1250 τάλαντα
562 1211 582 1248 ὁ
617 1207 771 1260 Κλέων,
817 1209 880 1248 ἵνα.
923 1209 1037 1262 πείσῃ
1083 1209 1173 1257 τοὺς
1218 1206 1437 1256 Ἀθηναίους
1482 1210 1665 1266 κουφίσαι

169 1271 324 1330 ἀὐτοὺς
351 1288 423 1330 τῆς
454 1285 642 1339 εἰσφορᾶς.
683 1282 911 1338 αἰσθόμενοι
934 1276 978 1323 δὲ
1009 1285 1044 1322 οἱ
1076 1285 1201 1330 ἱππεῖς
1233 1281 1446 1341 ἀντέλεγον
1468 1284 1535 1323 καὶ
1566 1283 1666 1328 ἀπη-

179 1370 305 1401 τησαν
351 1357 483 1397 αὐτόν.
538 1356 735 1414 μέμνηται
780 1355 1032 1412 Θεόπομπος.
1115 1361 1285 1410 Apparet
1328 1373 1413 1398 eum
1464 1360 1560 1398 duas
1608 1373 1668 1398 res

180 1432 437 1471 commiscere.
505 1434 680 1484 Namque
722 1446 808 1472 cum
849 1433 1031 1473 Cleonem
1070 1435 1238 1485 quinque
1275 1433 1429 1472 talentis
1466 1433 1666 1473 multatum

180 1519 267 1546 esse
295 1507 395 1557 apud
417 1520 502 1546 eum
526 1511 729 1556 constaret,
762 1520 897 1547 causas
918 1509 1029 1547 affert
1048 1509 1156 1558 duas,
1188 1494 1358 1553 alteram,
1392 1508 1492 1558 quod
1516 1509 1664 1559 equites

178 1579 422 1620 contumeliis
444 1581 626 1630 affecerit,
649 1581 806 1620 alteram
829 1586 981 1621 auctore
1002 1583 1260 1634 Theopompo,
1286 1582 1386 1633 quod
1408 1583 1455 1621 ab
1478 1582 1664 1621 insulanis

178 1655 347 1706 quinque
367 1654 512 1694 talenta
533 1656 732 1707 acceperit,
756 1661 797 1695 ut
813 1655 1068 1696 Athenienses
1089 1657 1297 1696 adduceret
1312 1657 1359 1695 ad
1377 1657 1664 1695 diminuendam

176 1728 253 1768 illis
293 1729 491 1768 tributum.
565 1730 755 1780 Equidem
792 1730 857 1769 illa
902 1743 1018 1770 causa
1056 1732 1198 1770 omissa
1243 1732 1342 1770 hanc
1384 1744 1509 1769 veram
1546 1731 1663 1770 fuisse

176 1802 326 1842 credam
372 1807 528 1842 auctore
571 1803 742 1843 Bockhio
789 1801 976 1856 (Staatsh.
1023 1805 1051 1854 I,
1101 1805 1219 1855 504),
1267 1818 1428 1855 quocum
1475 1806 1665 1844 consentit

174 1880 309 1916 auctor
349 1877 573 1928 hypothesis
617 1879 806 1917 secundae
843 1878 1025 1930 Equitum
1064 1878 1192 1928 (Mein.
1226 1879 1314 1917 edit.
1348 1879 1462 1917 Arist.
1500 1879 1527 1927 I,
1568 1881 1662 1928 275,

174 1950 199 1989 l.
230 1949 318 2001 21):
369 1941 591 2005 ἐζημίωσαν
627 1949 697 1990 τὸν
727 1949 900 1991 Κλέωνα
937 1950 1053 1991 πέντε
1091 1949 1302 1998 ταλάντοις
1343 1951 1405 1990 ἐπὶ
1441 1944 1664 2008 δωροδοκίᾳ.

177 2022 339 2063 ἁλόντα.
389 2023 483 2063 Erat
511 2026 623 2074 aetio,
656 2038 754 2076 quae
784 2027 922 2066 dicitur
951 2026 1082 2082 γραφὴ
1106 2017 1251 2080 δώρων.
1303 2026 1428 2076 Quare
1456 2041 1531 2066 non
1563 2032 1662 2066 recte

108 2088 118 2094 ’
173 2098 332 2137 Mueller
342 2096 386 2143 ¹8)
409 2099 539 2138 omnia
560 2098 795 2139 Scholiastae
818 2101 934 2139 verba
950 2101 1198 2152 Theopompo
1219 2102 1365 2150 tribuit,
1389 2114 1473 2140 cum
1496 2103 1660 2152 priorem

172 2176 320 2223 partem
351 2173 398 2211 ab
429 2173 515 2222 ipso
548 2171 763 2212 Scholiasta
793 2175 971 2225 scriptam
1003 2187 1085 2213 esse
1119 2174 1274 2214 eluceat.
1337 2174 1411 2213 Sed
1443 2188 1658 2224 caveamus,

173 2259 222 2285 ne
245 2247 410 2289 ¹nimium
451 2247 687 2286 auctoritatis
721 2248 810 2287 huic
846 2249 1064 2288 testimonio
1102 2250 1328 2297 tribuamus,
1367 2262 1452 2288 cum
1482 2249 1660 2300 perfacile

173 2288 289 2360 cau&
323 2320 388 2360 illa
419 2320 682 2373 Theopompi,
722 2335 835 2373 quam
867 2327 979 2373 poeta
1012 2324 1093 2373 ipse
1124 2323 1277 2371 celavit,
1316 2337 1361 2362 ex
1398 2324 1488 2362 solis
1526 2329 1658 2374 poetae

173 2394 302 2432 verbis
330 2394 486 2434 fluxisse
519 2396 652 2445 possit,
690 2400 726 2434 et
757 2398 789 2435 si
820 2397 973 2447 quidem
1007 2410 1094 2435 vera
1134 2401 1203 2444 est,
1244 2397 1437 2447 largitioni
1469 2398 1528 2436 vix
1560 2399 1657 2448 quis-

173 2480 290 2519 quam
321 2466 552 2508 Graecorum
582 2470 776 2508 restiterit.

256 2542 510 2581 Persistamus
540 2542 775 2594 aliquantum
807 2544 846 2582 in
877 2544 948 2583 hac
983 2558 1036 2593 re,
1075 2558 1160 2584 cum
1201 2546 1351 2596 saepius
1381 2545 1656 2596 Aristophanes

241 2713 286 2757 1Ἰ)
311 2719 349 2749 cf.
366 2719 464 2757 Bergk
488 2719 569 2758 apud
593 2719 682 2749 Mein.
700 2719 735 2749 fr.
756 2729 830 2749 com.
851 2720 898 2749 Gr.
924 2720 959 2755 ΙΙ,
988 2724 1016 2757 2,
1045 2722 1118 2756 978,
1144 2721 1241 2759 Frgm.
1259 2722 1349 2752 XVII.

243 2770 285 2814 18)
310 2775 408 2813 Frgm.
425 2775 530 2806 histor.
550 2777 654 2806 Graec.
674 2777 719 2806 ed.
738 2776 873 2806 Mueller.
922 2777 1011 2806 Paris.
1049 2778 1142 2807 Didot
1169 2780 1265 2809 1841.
