1989 3216
310 316 462 367 cydides
484 318 678 356 orationes
709 318 978 368 composuerit,
1010 317 1154 356 dudum
1176 317 1329 367 explosa
1359 321 1417 356 est
1441 319 1629 358 sententia
1648 331 1793 368 eorum,

309 391 373 440 qui
414 390 483 428 has
521 392 709 429 orationes
750 403 856 429 mera
895 404 978 429 esse
1022 391 1216 441 scriptoris
1260 394 1474 430 commenta
1517 393 1791 432 existimarunt.

308 463 426 502 Immo
458 464 551 513 quid
584 464 655 502 sibi
686 465 726 502 in
756 464 828 502 hac
856 477 896 501 re
928 465 1180 513 proposuerit,
1212 465 1296 514 ipse
1327 465 1487 515 scriptor
1507 466 1677 514 tradidit,
1709 479 1795 505 cum

309 537 412 576 dicat
434 537 478 586 (Ι,
503 537 589 587 22):
623 538 674 582 ὡς
696 527 730 574 δ’
751 534 796 574 ἂν
819 527 985 574 ἐδόκουν
1009 535 1094 590 ἐμοὶ.
1120 534 1281 575 ἕκαστοι
1300 536 1386 590 περὶ
1405 542 1486 575 τῶν
1509 537 1569 576 ἀεὶ
1589 536 1795 592 παρόντων

308 607 359 647 τὰ
391 601 533 648 δέοντα
572 608 732 664 μάλιστ’
763 611 901 657 εἰπεῖν,
942 608 1117 664 ἐχομένῳ
1150 607 1210 648 ὅτι.
1249 608 1454 665 ἐγγύτατα
1485 615 1556 657 τῆς
1590 603 1795 666 ξυμπάσης

308 681 466 738 γνώμης
501 686 583 720 τῶν
624 681 785 728 ἀληθῶς
817 680 1062 738 λεχθέντων,
1102 681 1226 729 οὕτως
1265 683 1428 738 εἴρηται.
1490 684 1654 737 Scripsit
1682 685 1798 735 igitur

309 757 501 795 orationes
540 770 617 796 non
648 770 710 796 eas
742 757 894 807 quidem
934 757 1033 795 sicut
1063 769 1149 795 vere
1180 757 1333 796 habitae
1364 761 1471 802 sunt,
1510 759 1576 797 sed
1610 771 1796 810 „quarum

307 834 530 880 argumenta
550 831 589 869 in
610 831 830 869 universum
849 831 1050 869 concinant
1070 843 1155 869 cum
1172 831 1406 879 argumentis
1425 823 1627 886 (ξύμπασα
1642 830 1795 887 γνώμη)

307 904 521 942 orationum
553 917 640 943 vere
670 904 903 953 habitarum,
936 917 1098 955 quorum
1130 905 1245 943 verba
1275 904 1358 954 plus
1390 905 1564 944 minusve
1595 906 1672 945 sint
1698 905 1796 945 Thu-

307 974 562 1028 cydidea“.3'·')
626 977 731 1026 Quae
763 991 848 1017 cum
885 977 938 1016 ita
968 978 1062 1025 sint,
1102 978 1216 1016 etiam
1255 978 1295 1016 in
1332 978 1404 1017 hac
1436 978 1589 1018 Cleonis
1626 980 1797 1019 oratione

310 1050 436 1098 „hunc
466 1051 692 1090 crediderim
721 1051 876 1090 modum
899 1064 921 1090 a
941 1051 1162 1102 Thucydide
1193 1055 1384 1090 servatum
1418 1065 1516 1102 esse,
1546 1056 1589 1091 ut
1614 1065 1658 1092 ea
1687 1054 1797 1092 omit-

306 1127 416 1173 teret,
448 1137 544 1175 quae
573 1125 619 1163 ad
652 1125 904 1175 effingendam
928 1125 1084 1165 Cleonis
1115 1126 1318 1175 imaginem
1342 1130 1470 1164 essent
1503 1139 1796 1177 supervacanea,

306 1198 462 1237 adderet
491 1202 618 1237 autem
648 1198 756 1245 nihil,
788 1211 863 1249 quo
896 1203 997 1237 esset
1026 1212 1134 1238 suum
1166 1199 1294 1250 potius
1322 1212 1435 1250 quam
1465 1200 1569 1239 illius
1600 1201 1795 1251 ingenium

306 1269 553 1322 proditurus“
590 1271 651 1319 (cf.
674 1272 818 1321 Haase,
851 1286 910 1323 pg.
946 1270 1021 1322 19).
1082 1272 1208 1324 Atque
1245 1273 1340 1312 haec
1369 1274 1446 1312 fere
1479 1274 1633 1313 exhibet
1663 1274 1793 1314 Cleon.

308 1345 539 1396 Mytilenaei,
574 1346 707 1396 iuquit,
746 1346 868 1396 magis
898 1359 1013 1397 quam
1043 1347 1109 1397 qui
1140 1359 1159 1385 a
1190 1347 1500 1387 Lacedaemoniis
1538 1348 1661 1387 coacti
1696 1348 1793 1387 defe-

306 1424 457 1467 cerunt,
497 1420 606 1459 nobis
638 1424 726 1458 sunt
758 1420 986 1467 adversarii,
1024 1420 1112 1470 quia
1145 1434 1215 1460 sua
1253 1424 1391 1472 sponte
1421 1434 1545 1472 neque
1574 1422 1652 1461 ullo
1684 1422 1795 1461 modo

306 1494 427 1532 coacti
459 1493 688 1532 defecerunt.
744 1493 870 1542 Quare
901 1497 943 1532 ut
974 1495 1188 1545 exemplum
1210 1498 1410 1543 statuatur,
1442 1495 1652 1535 defectores
1675 1499 1796 1535 morte

305 1567 472 1606 multetis
509 1580 605 1606 neve
643 1568 758 1606 nimia
799 1568 857 1606 usi
895 1567 1094 1608 clementia
1132 1570 1265 1608 ceteris
1306 1569 1418 1608 sociis
1448 1569 1641 1609 facilitetis
1671 1570 1795 1609 defec-

305 1641 468 1689 tionem,
500 1641 532 1680 si
562 1654 675 1692 quam
709 1646 916 1690 conantur,
955 1655 1040 1681 cum
1071 1655 1144 1681 non
1177 1644 1370 1692 ignorent,
1409 1643 1562 1682 etiamsi
1593 1650 1667 1682 non
1701 1644 1796 1683 bene

307 1715 533 1765 processerit
563 1715 737 1762 defectio,
770 1715 872 1754 haud
894 1716 989 1755 adeo
1020 1729 1196 1766 magnam
1220 1729 1261 1755 se
1286 1716 1480 1756 subituros
1511 1729 1596 1756 esse
1618 1730 1794 1768 poenam.

307 1788 396 1827 Tria
427 1789 527 1827 enim
550 1792 638 1828 ante
669 1790 797 1828 omnia
827 1789 1058 1839 reipublicae
1087 1790 1265 1829 evitanda
1295 1803 1377 1830 esse
1396 1791 1600 1840 existimat,
1630 1790 1794 1841 primum

305 1875 353 1900 ne
383 1862 501 1901 nimia
538 1862 799 1901 misericordia
838 1863 940 1901 cives
976 1863 1185 1911 ducantur,
1228 1866 1309 1902 tum
1343 1877 1390 1903 ne
1428 1864 1727 1903 assentatoribus
1757 1864 1796 1902 in

305 1936 481 1975 contione
513 1937 627 1975 nimis
658 1937 888 1987 patefaciant
918 1950 1050 1986 aures,
1089 1937 1264 1988 inprimis
1295 1950 1342 1977 ne
1372 1938 1472 1977 inter
1503 1938 1609 1978 varia
1638 1937 1798 1976 consilia

304 2011 489 2049 fluctuent
533 2024 627 2049 neve
675 2010 912 2049 mollioribus
950 2023 1063 2061 quam
1105 2024 1172 2061 par
1219 2011 1268 2050 sit
1313 2011 1523 2050 rationibus
1567 2015 1735 2050 utantur.
1747 2009 1796 2060 3³)

306 2083 422 2124 Cleon
453 2085 553 2122 enim
586 2085 680 2123 satis
712 2084 813 2123 clare
844 2089 1099 2135 perspexerat,
1133 2085 1244 2136 quale
1276 2089 1377 2124 esset
1405 2085 1608 2136 imperium
1637 2085 1790 2123 Atheni-

305 2159 465 2206 ensium,
498 2158 598 2209 quod
629 2163 786 2208 apparet
816 2171 861 2197 ex
893 2159 974 2196 eius
1007 2159 1131 2197 verbis
1163 2158 1236 2210 (cp.
1261 2162 1310 2198 37
1333 2157 1452 2210 init.):
1487 2159 1531 2197 οὐ
1557 2162 1796 2204 σκοποῦντες

305 2229 366 2269 ὅτι
398 2222 610 2286 τυρχννίδα
650 2232 760 2285 ἔχετε
791 2230 863 2275 τὴν
895 2230 1016 2286 ἀρχὴν
1055 2231 1122 2270 καὶ
1159 2230 1252 2287 πρὸς
1291 2230 1616 2285 ἐπιβουλεύοντας
1655 2230 1798 2279 αὐτοὺς

306 2303 371 2342 καὶ
405 2300 573 2350 ἄκοντας
604 2303 853 2360 ἀρχομένους.
902 2307 1034 2358 Neque
1066 2307 1191 2345 minus
1222 2306 1324 2345 clare
1353 2306 1553 2356 intellexit,
1584 2319 1662 2345 non
1688 2306 1797 2346 bene-

306 2379 470 2417 volentia
501 2380 624 2418 socios
655 2380 840 2419 contineri
877 2393 989 2431 posse
1021 2381 1088 2419 sed
1120 2380 1200 2420 sola
1231 2382 1278 2430 vi,
1310 2394 1394 2420 cum
1426 2385 1617 2432 pergeret:
1660 2382 1698 2419 οἳ
1726 2381 1798 2420 οὐκ

373 2529 416 2570 32)
443 2533 584 2563 Schaefer
609 2544 658 2573 pg.
678 2535 729 2566 26,
758 2534 797 2564 cf.
817 2534 938 2564 Classen
963 2535 1010 2564 ed.
1029 2535 1120 2566 Thuc.
1147 2545 1195 2574 pg.
1214 2535 1342 2565 LXVIII.

373 2585 417 2627 33)
444 2590 479 2619 cf.
499 2591 644 2630 Droyseu,
672 2592 693 2623 Ι,
720 2592 779 2620 82;
813 2591 896 2621 Aueh
927 2593 989 2621 sein
1022 2592 1199 2622 ernstlichcr
1223 2592 1314 2622 'radel
1346 2592 1489 2624 dariiber,
1523 2593 1591 2623 dass
1622 2594 1686 2623 cine
1711 2594 1796 2632 abge-

305 2647 476 2677 schlossene
495 2648 589 2677 Sache
617 2658 671 2677 von
698 2658 802 2677 ueucm
828 2649 857 2677 in
876 2649 967 2686 Frage
993 2649 1109 2686 gcslellt
1136 2649 1267 2683 worden,
1293 2650 1332 2679 ist
1354 2649 1496 2688 politisch
1514 2650 1663 2680 durchaus
1680 2650 1796 2689 richtig,

306 2705 366 2733 und
390 2705 421 2733 in
438 2705 550 2737 Zeiten,
576 2706 630 2734 wic
655 2706 702 2734 dic
728 2706 780 2734 des
805 2705 936 2743 hcstigen
965 2706 1095 2743 Krioges,
1122 2709 1197 2735 wiire
1222 2706 1315 2735 selbst
1340 2707 1388 2736 ein
1412 2707 1518 2736 Fehler
1543 2707 1658 2737 minder
1683 2708 1798 2745 gestihr-

304 2761 366 2789 lich
395 2771 542 2798 gcwcscn,
569 2762 611 2790 als
638 2762 957 2792 Unentschlosseuheit
980 2763 1041 2792 und
1067 2763 1154 2792 balbe
1179 2763 1371 2800 Massregeln.
