<?xml version="1.0" encoding="UTF-8"?>
<!DOCTYPE html PUBLIC "-//W3C//DTD XHTML 1.0 Transitional//EN"
    "http://www.w3.org/TR/xhtml1/DTD/xhtml1-transitional.dtd">
<html xmlns="http://www.w3.org/1999/xhtml" xml:lang="en" lang="en">
 <head>
  <title>
</title>
<meta http-equiv="Content-Type" content="text/html;charset=utf-8" />
  <meta name='ocr-system' content='tesseract 3.04.00' />
  <meta name='ocr-capabilities' content='ocr_page ocr_carea ocr_par ocr_line ocrx_word'/>
</head>
<body>
  <div class='ocr_page' id='page_1' title='image "./decleoneathenien00schw_0040.png"; bbox 0 0 1989 3216; ppageno 0'>
   <div class='ocr_carea' id='block_1_1' title="bbox 909 143 1174 183">
    <p class='ocr_par' dir='ltr' id='par_1_1' title="bbox 909 143 1174 183">
     <span class='ocr_line' id='line_1_1' title="bbox 909 143 1174 183; baseline -0.011 -10"><span class='ocrx_word' id='word_1_1' title='bbox 909 143 1174 183; x_wconf 49' lang='lat'>„36—</span> 
     </span>
    </p>
   </div>
   <div class='ocr_carea' id='block_1_2' title="bbox 295 264 1787 2467">
    <p class='ocr_par' dir='ltr' id='par_1_2' title="bbox 297 264 1787 1795">
     <span class='ocr_line' id='line_1_2' title="bbox 304 264 1783 320; baseline 0.001 -13"><span class='ocrx_word' id='word_1_2' title='bbox 304 268 387 317; x_wconf 73' lang='lat' dir='ltr'>Quo</span> <span class='ocrx_word' id='word_1_3' title='bbox 418 264 575 320; x_wconf 46' lang='lat' dir='ltr'>annom)</span> <span class='ocrx_word' id='word_1_4' title='bbox 599 268 778 306; x_wconf 77' lang='lat' dir='ltr'>Alcaeum</span> <span class='ocrx_word' id='word_1_5' title='bbox 811 269 1029 307; x_wconf 81' lang='lat' dir='ltr'>archontem</span> <span class='ocrx_word' id='word_1_6' title='bbox 1061 269 1190 318; x_wconf 86' lang='lat' dir='ltr'>fuisse,</span> <span class='ocrx_word' id='word_1_7' title='bbox 1223 270 1314 307; x_wconf 83' lang='lat' dir='ltr'>satis</span> <span class='ocrx_word' id='word_1_8' title='bbox 1346 270 1481 308; x_wconf 97' lang='lat' dir='ltr'>docent</span> <span class='ocrx_word' id='word_1_9' title='bbox 1509 276 1547 308; x_wconf 83' lang='lat' dir='ltr'>et</span> <span class='ocrx_word' id='word_1_10' title='bbox 1573 270 1783 309; x_wconf 77' lang='lat' dir='ltr'>didascalia</span> 
     </span>
     <span class='ocr_line' id='line_1_3' title="bbox 302 342 1781 393; baseline 0.001 -13"><span class='ocrx_word' id='word_1_11' title='bbox 302 343 423 390; x_wconf 65' lang='lat' dir='ltr'>Pac-is,</span> <span class='ocrx_word' id='word_1_12' title='bbox 464 355 559 392; x_wconf 82' lang='lat' dir='ltr'>quae</span> <span class='ocrx_word' id='word_1_13' title='bbox 591 342 721 380; x_wconf 91' lang='lat' dir='ltr'>eodem</span> <span class='ocrx_word' id='word_1_14' title='bbox 754 355 852 380; x_wconf 81' lang='lat' dir='ltr'>anno</span> <span class='ocrx_word' id='word_1_15' title='bbox 883 342 995 380; x_wconf 81' lang='lat' dir='ltr'>docta</span> <span class='ocrx_word' id='word_1_16' title='bbox 1026 348 1084 380; x_wconf 82' lang='lat' dir='ltr'>est</span> <span class='ocrx_word' id='word_1_17' title='bbox 1116 343 1181 390; x_wconf 76' lang='lat' dir='ltr'>(cf.</span> <span class='ocrx_word' id='word_1_18' title='bbox 1214 342 1326 381; x_wconf 88' lang='lat' dir='ltr'>Mein.</span> <span class='ocrx_word' id='word_1_19' title='bbox 1359 342 1385 390; x_wconf 76' lang='grc' dir='ltr'>Ι,</span> <span class='ocrx_word' id='word_1_20' title='bbox 1425 356 1486 393; x_wconf 86' lang='lat' dir='ltr'>pg.</span> <span class='ocrx_word' id='word_1_21' title='bbox 1520 344 1614 392; x_wconf 67' lang='lat'>28⁶2,</span> <span class='ocrx_word' id='word_1_22' title='bbox 1654 344 1676 381; x_wconf 93' lang='grc'>1.</span> <span class='ocrx_word' id='word_1_23' title='bbox 1712 346 1781 382; x_wconf 79' lang='lat'>39:</span> 
     </span>
     <span class='ocr_line' id='line_1_4' title="bbox 303 406 1783 470; baseline 0.001 -18"><span class='ocrx_word' id='word_1_24' title='bbox 303 414 454 458; x_wconf 75' lang='grc' dir='ltr'>ἐνίκησε</span> <span class='ocrx_word' id='word_1_25' title='bbox 488 407 530 453; x_wconf 60' lang='grc' dir='ltr'>δὲ</span> <span class='ocrx_word' id='word_1_26' title='bbox 559 419 617 463; x_wconf 75' lang='grc' dir='ltr'>τῷ</span> <span class='ocrx_word' id='word_1_27' title='bbox 651 406 822 468; x_wconf 64' lang='grc' dir='ltr'>δράματι</span> <span class='ocrx_word' id='word_1_28' title='bbox 854 415 872 452; x_wconf 77' lang='grc' dir='ltr'>ὁ</span> <span class='ocrx_word' id='word_1_29' title='bbox 904 419 1068 460; x_wconf 62' lang='grc' dir='ltr'>ποιητὴς</span> <span class='ocrx_word' id='word_1_30' title='bbox 1091 414 1152 452; x_wconf 76' lang='grc' dir='ltr'>ἐπὶ</span> <span class='ocrx_word' id='word_1_31' title='bbox 1176 412 1362 470; x_wconf 66' lang='grc' dir='ltr'>ἄρχοντος</span> <span class='ocrx_word' id='word_1_32' title='bbox 1384 411 1557 454; x_wconf 77' lang='grc' dir='ltr'>Ἀλκαίου</span> <span class='ocrx_word' id='word_1_33' title='bbox 1581 414 1620 453; x_wconf 80' lang='grc' dir='ltr'>ἐν</span> <span class='ocrx_word' id='word_1_34' title='bbox 1642 412 1783 467; x_wconf 74' lang='grc' dir='ltr'>ἄστει),</span> 
     </span>
     <span class='ocr_line' id='line_1_5' title="bbox 301 485 1783 544; baseline -0.001 -17"><span class='ocrx_word' id='word_1_35' title='bbox 301 493 337 528; x_wconf 84' lang='lat' dir='ltr'>et</span> <span class='ocrx_word' id='word_1_36' title='bbox 367 488 493 528; x_wconf 78' lang='lat' dir='ltr'>schol.</span> <span class='ocrx_word' id='word_1_37' title='bbox 526 489 704 527; x_wconf 87' lang='lat' dir='ltr'>Aeschin.</span> <span class='ocrx_word' id='word_1_38' title='bbox 736 502 795 539; x_wconf 76' lang='lat' dir='ltr'>pg.</span> <span class='ocrx_word' id='word_1_39' title='bbox 831 491 927 527; x_wconf 75' lang='lat'>755:</span> <span class='ocrx_word' id='word_1_40' title='bbox 961 486 1152 543; x_wconf 61' lang='grc' dir='ltr'>τέτκρτον</span> <span class='ocrx_word' id='word_1_41' title='bbox 1185 487 1372 544; x_wconf 58' lang='grc' dir='ltr'>ἀτύχημα</span> <span class='ocrx_word' id='word_1_42' title='bbox 1404 491 1438 527; x_wconf 80' lang='grc' dir='ltr'>οἱ</span> <span class='ocrx_word' id='word_1_43' title='bbox 1471 486 1572 544; x_wconf 70' lang='grc' dir='ltr'>μετὰ</span> <span class='ocrx_word' id='word_1_44' title='bbox 1603 485 1783 534; x_wconf 79' lang='grc' dir='ltr'>Κλέωνος</span> 
     </span>
     <span class='ocr_line' id='line_1_6' title="bbox 302 558 1783 617; baseline 0 -17"><span class='ocrx_word' id='word_1_45' title='bbox 302 561 362 600; x_wconf 79' lang='grc' dir='ltr'>ἐπὶ</span> <span class='ocrx_word' id='word_1_46' title='bbox 404 559 588 617; x_wconf 64' lang='grc' dir='ltr'>ἄρχοντος</span> <span class='ocrx_word' id='word_1_47' title='bbox 632 558 821 601; x_wconf 69' lang='grc' dir='ltr'>Ἀλκαίου.</span> <span class='ocrx_word' id='word_1_48' title='bbox 888 563 1013 611; x_wconf 78' lang='lat' dir='ltr'>Quare</span> <span class='ocrx_word' id='word_1_49' title='bbox 1053 567 1153 601; x_wconf 89' lang='lat' dir='ltr'>errat</span> <span class='ocrx_word' id='word_1_50' title='bbox 1193 562 1408 602; x_wconf 75' lang='lat' dir='ltr'>Scholiasta</span> <span class='ocrx_word' id='word_1_51' title='bbox 1445 564 1490 602; x_wconf 86' lang='lat' dir='ltr'>ad</span> <span class='ocrx_word' id='word_1_52' title='bbox 1530 563 1656 602; x_wconf 89' lang='lat' dir='ltr'>Nubb.</span> <span class='ocrx_word' id='word_1_53' title='bbox 1691 563 1783 610; x_wconf 84' lang='lat'>549,</span> 
     </span>
     <span class='ocr_line' id='line_1_7' title="bbox 300 635 1784 688; baseline 0 -15"><span class='ocrx_word' id='word_1_54' title='bbox 300 638 363 688; x_wconf 89' lang='lat' dir='ltr'>qui</span> <span class='ocrx_word' id='word_1_55' title='bbox 402 637 583 675; x_wconf 80' lang='lat' dir='ltr'><strong>archonte</strong></span> <span class='ocrx_word' id='word_1_56' title='bbox 619 636 772 674; x_wconf 89' lang='lat' dir='ltr'>Aminia</span> <span class='ocrx_word' id='word_1_57' title='bbox 810 649 895 674; x_wconf 92' lang='lat' dir='ltr'>eum</span> <span class='ocrx_word' id='word_1_58' title='bbox 938 637 1121 675; x_wconf 85' lang='lat' dir='ltr'>occidisse</span> <span class='ocrx_word' id='word_1_59' title='bbox 1160 637 1262 676; x_wconf 88' lang='lat' dir='ltr'>dicit.</span> <span class='ocrx_word' id='word_1_60' title='bbox 1331 637 1445 676; x_wconf 81' lang='lat' dir='ltr'>Recte</span> <span class='ocrx_word' id='word_1_61' title='bbox 1482 635 1582 687; x_wconf 86' lang='lat' dir='ltr'>apud</span> <span class='ocrx_word' id='word_1_62' title='bbox 1623 635 1784 674; x_wconf 90' lang='lat' dir='ltr'>eundem</span> 
     </span>
     <span class='ocr_line' id='line_1_8' title="bbox 299 700 1785 764; baseline -0.002 -16"><span class='ocrx_word' id='word_1_63' title='bbox 299 710 551 764; x_wconf 75' lang='lat' dir='ltr'>Scholiastam</span> <span class='ocrx_word' id='word_1_64' title='bbox 576 717 726 760; x_wconf 88' lang='lat' dir='ltr'>tempus</span> <span class='ocrx_word' id='word_1_65' title='bbox 748 713 854 748; x_wconf 84' lang='lat' dir='ltr'>notat</span> <span class='ocrx_word' id='word_1_66' title='bbox 876 711 1106 749; x_wconf 81' lang='lat' dir='ltr'>Androtion:</span> <span class='ocrx_word' id='word_1_67' title='bbox 1130 708 1198 747; x_wconf 67' lang='lat' dir='ltr'>mei.</span> <span class='ocrx_word' id='word_1_68' title='bbox 1221 700 1445 763; x_wconf 73' lang='grc' dir='ltr'>Ἀνδροτίων</span> <span class='ocrx_word' id='word_1_69' title='bbox 1468 700 1511 747; x_wconf 65' lang='grc' dir='ltr'>δέ</span> <span class='ocrx_word' id='word_1_70' title='bbox 1530 721 1643 764; x_wconf 79' lang='grc' dir='ltr'>φησιν</span> <span class='ocrx_word' id='word_1_71' title='bbox 1665 706 1785 746; x_wconf 76' lang='grc' dir='ltr'>αὐτὸν</span> 
     </span>
     <span class='ocr_line' id='line_1_9' title="bbox 301 774 1787 838; baseline -0.001 -17"><span class='ocrx_word' id='word_1_72' title='bbox 301 782 362 822; x_wconf 79' lang='grc' dir='ltr'>ἐπὶ</span> <span class='ocrx_word' id='word_1_73' title='bbox 394 779 569 821; x_wconf 74' lang='grc' dir='ltr'>Ἀλκαίου</span> <span class='ocrx_word' id='word_1_74' title='bbox 609 781 797 821; x_wconf 71' lang='grc' dir='ltr'>τεθνάναι</span> <span class='ocrx_word' id='word_1_75' title='bbox 835 774 942 821; x_wconf 67' lang='grc' dir='ltr'>δυσὶν</span> <span class='ocrx_word' id='word_1_76' title='bbox 984 785 1108 822; x_wconf 75' lang='grc' dir='ltr'>ἔτεσιν</span> <span class='ocrx_word' id='word_1_77' title='bbox 1146 780 1306 838; x_wconf 71' lang='grc' dir='ltr'>ὕστερον</span> <span class='ocrx_word' id='word_1_78' title='bbox 1345 778 1536 838; x_wconf 78' lang='grc' dir='ltr'>Ἰσάρχου,</span> <span class='ocrx_word' id='word_1_79' title='bbox 1576 779 1635 837; x_wconf 77' lang='grc' dir='ltr'>ἐφ’</span> <span class='ocrx_word' id='word_1_80' title='bbox 1667 775 1711 820; x_wconf 75' lang='grc' dir='ltr'>οὗ</span> <span class='ocrx_word' id='word_1_81' title='bbox 1748 781 1787 819; x_wconf 71' lang='grc' dir='ltr'>αἱ</span> 
     </span>
     <span class='ocr_line' id='line_1_10' title="bbox 299 848 1785 912; baseline 0.001 -18"><span class='ocrx_word' id='word_1_82' title='bbox 299 861 451 911; x_wconf 61' lang='grc' dir='ltr'>πρῶται</span> <span class='ocrx_word' id='word_1_83' title='bbox 490 853 667 912; x_wconf 57' lang='grc' dir='ltr'>Νεφέλαι</span> <span class='ocrx_word' id='word_1_84' title='bbox 700 848 1040 911; x_wconf 67' lang='grc' dir='ltr'>ἐδιδάχθησαν.50)</span> <span class='ocrx_word' id='word_1_85' title='bbox 1103 857 1250 906; x_wconf 82' lang='lat' dir='ltr'>Quodsi</span> <span class='ocrx_word' id='word_1_86' title='bbox 1287 857 1379 896; x_wconf 85' lang='lat' dir='ltr'>satis</span> <span class='ocrx_word' id='word_1_87' title='bbox 1418 860 1581 907; x_wconf 81' lang='lat' dir='ltr'>constat,</span> <span class='ocrx_word' id='word_1_88' title='bbox 1620 868 1785 907; x_wconf 88' lang='lat' dir='ltr'>pugnam</span> 
     </span>
     <span class='ocr_line' id='line_1_11' title="bbox 298 929 1782 982; baseline -0.001 -13"><span class='ocrx_word' id='word_1_89' title='bbox 298 931 401 969; x_wconf 87' lang='lat' dir='ltr'>illam</span> <span class='ocrx_word' id='word_1_90' title='bbox 432 931 532 981; x_wconf 86' lang='lat' dir='ltr'>apud</span> <span class='ocrx_word' id='word_1_91' title='bbox 556 931 815 982; x_wconf 84' lang='lat' dir='ltr'>Amphipolim</span> <span class='ocrx_word' id='word_1_92' title='bbox 838 932 1079 970; x_wconf 81' lang='lat' dir='ltr'>commissam</span> <span class='ocrx_word' id='word_1_93' title='bbox 1102 944 1183 970; x_wconf 89' lang='lat' dir='ltr'>esse</span> <span class='ocrx_word' id='word_1_94' title='bbox 1205 944 1333 970; x_wconf 88' lang='lat' dir='ltr'>mense</span> <span class='ocrx_word' id='word_1_95' title='bbox 1355 929 1569 982; x_wconf 80' lang='lat' dir='ltr'>Septembri</span> <span class='ocrx_word' id='word_1_96' title='bbox 1589 931 1677 969; x_wconf 87' lang='lat' dir='ltr'>anni</span> <span class='ocrx_word' id='word_1_97' title='bbox 1703 932 1782 969; x_wconf 73' lang='lat'>42⁶2</span> 
     </span>
     <span class='ocr_line' id='line_1_12' title="bbox 299 1003 1787 1056; baseline -0.001 -13"><span class='ocrx_word' id='word_1_98' title='bbox 299 1003 362 1053; x_wconf 87' lang='lat' dir='ltr'>(cf.</span> <span class='ocrx_word' id='word_1_99' title='bbox 395 1005 567 1056; x_wconf 88' lang='lat' dir='ltr'>Droysen</span> <span class='ocrx_word' id='word_1_100' title='bbox 597 1005 624 1053; x_wconf 91' lang='lat' dir='ltr'>I,</span> <span class='ocrx_word' id='word_1_101' title='bbox 666 1003 774 1054; x_wconf 86' lang='lat'>351),</span> <span class='ocrx_word' id='word_1_102' title='bbox 824 1005 949 1043; x_wconf 86' lang='lat' dir='ltr'>obstat</span> <span class='ocrx_word' id='word_1_103' title='bbox 986 1005 1245 1043; x_wconf 80' lang='lat' dir='ltr'>testimonium</span> <span class='ocrx_word' id='word_1_104' title='bbox 1281 1004 1558 1054; x_wconf 81' lang='lat' dir='ltr'>Eratosthenis,</span> <span class='ocrx_word' id='word_1_105' title='bbox 1597 1004 1662 1055; x_wconf 87' lang='lat' dir='ltr'>qui</span> <span class='ocrx_word' id='word_1_106' title='bbox 1702 1007 1787 1042; x_wconf 90' lang='lat' dir='ltr'>octo</span> 
     </span>
     <span class='ocr_line' id='line_1_13' title="bbox 299 1076 1787 1129; baseline 0 -13"><span class='ocrx_word' id='word_1_107' title='bbox 299 1091 448 1117; x_wconf 86' lang='lat' dir='ltr'>menses</span> <span class='ocrx_word' id='word_1_108' title='bbox 480 1082 567 1117; x_wconf 86' lang='lat' dir='ltr'>ante</span> <span class='ocrx_word' id='word_1_109' title='bbox 598 1079 733 1118; x_wconf 82' lang='lat' dir='ltr'>Pacem</span> <span class='ocrx_word' id='word_1_110' title='bbox 755 1078 1026 1129; x_wconf 80' lang='lat' dir='ltr'>Aristophanis</span> <span class='ocrx_word' id='word_1_111' title='bbox 1058 1092 1187 1118; x_wconf 87' lang='lat' dir='ltr'>mense</span> <span class='ocrx_word' id='word_1_112' title='bbox 1219 1079 1354 1118; x_wconf 88' lang='lat' dir='ltr'>Martio</span> <span class='ocrx_word' id='word_1_113' title='bbox 1385 1080 1475 1117; x_wconf 88' lang='lat' dir='ltr'>anni</span> <span class='ocrx_word' id='word_1_114' title='bbox 1509 1080 1579 1118; x_wconf 75' lang='lat'>421</span> <span class='ocrx_word' id='word_1_115' title='bbox 1621 1076 1787 1127; x_wconf 87' lang='lat' dir='ltr'>(magnis</span> 
     </span>
     <span class='ocr_line' id='line_1_14' title="bbox 299 1141 1782 1206; baseline -0.001 -15"><span class='ocrx_word' id='word_1_116' title='bbox 299 1153 489 1204; x_wconf 89' lang='lat' dir='ltr'>Dionysiis</span> <span class='ocrx_word' id='word_1_117' title='bbox 521 1152 578 1191; x_wconf 94' lang='lat' dir='ltr'>Ol.</span> <span class='ocrx_word' id='word_1_118' title='bbox 612 1154 677 1202; x_wconf 78' lang='lat'>89,</span> <span class='ocrx_word' id='word_1_119' title='bbox 715 1151 754 1203; x_wconf 84' lang='lat'>3)</span> <span class='ocrx_word' id='word_1_120' title='bbox 793 1153 1036 1191; x_wconf 83' lang='lat' dir='ltr'>commissam</span> <span class='ocrx_word' id='word_1_121' title='bbox 1078 1148 1142 1206; x_wconf 82' lang='lat' dir='ltr'>(cf.</span> <span class='ocrx_word' id='word_1_122' title='bbox 1180 1141 1351 1204; x_wconf 87' lang='lat' dir='ltr'>Droysen</span> <span class='ocrx_word' id='word_1_123' title='bbox 1382 1152 1417 1202; x_wconf 84' lang='lat' dir='ltr'>I,</span> <span class='ocrx_word' id='word_1_124' title='bbox 1458 1151 1552 1203; x_wconf 82' lang='lat'>349)</span> <span class='ocrx_word' id='word_1_125' title='bbox 1590 1152 1782 1192; x_wconf 89' lang='lat' dir='ltr'>hominem</span> 
     </span>
     <span class='ocr_line' id='line_1_15' title="bbox 299 1225 1783 1277; baseline 0.001 -12"><span class='ocrx_word' id='word_1_126' title='bbox 299 1227 518 1265; x_wconf 88' lang='lat' dir='ltr'>occubuisse</span> <span class='ocrx_word' id='word_1_127' title='bbox 549 1227 755 1265; x_wconf 80' lang='lat' dir='ltr'>memoriae</span> <span class='ocrx_word' id='word_1_128' title='bbox 787 1226 953 1277; x_wconf 84' lang='lat' dir='ltr'>prodidit</span> <span class='ocrx_word' id='word_1_129' title='bbox 983 1227 1082 1276; x_wconf 89' lang='lat' dir='ltr'>apud</span> <span class='ocrx_word' id='word_1_130' title='bbox 1114 1225 1240 1266; x_wconf 88' lang='lat' dir='ltr'>Schol.</span> <span class='ocrx_word' id='word_1_131' title='bbox 1264 1226 1396 1265; x_wconf 87' lang='lat' dir='ltr'>Venet.</span> <span class='ocrx_word' id='word_1_132' title='bbox 1430 1226 1474 1265; x_wconf 89' lang='lat' dir='ltr'>ad</span> <span class='ocrx_word' id='word_1_133' title='bbox 1510 1227 1574 1266; x_wconf 90' lang='lat' dir='ltr'>Ar.</span> <span class='ocrx_word' id='word_1_134' title='bbox 1606 1226 1693 1265; x_wconf 88' lang='lat' dir='ltr'>Pac.</span> <span class='ocrx_word' id='word_1_135' title='bbox 1717 1228 1783 1274; x_wconf 88' lang='lat'>48,</span> 
     </span>
     <span class='ocr_line' id='line_1_16' title="bbox 299 1295 1782 1355; baseline -0.001 -17"><span class='ocrx_word' id='word_1_136' title='bbox 299 1301 363 1351; x_wconf 76' lang='lat' dir='ltr'>qui</span> <span class='ocrx_word' id='word_1_137' title='bbox 392 1301 488 1339; x_wconf 88' lang='lat' dir='ltr'>haec</span> <span class='ocrx_word' id='word_1_138' title='bbox 516 1301 649 1339; x_wconf 80' lang='lat' dir='ltr'>habet:</span> <span class='ocrx_word' id='word_1_139' title='bbox 684 1296 970 1355; x_wconf 60' lang='grc' dir='ltr'>Ἐρατοσθένης</span> <span class='ocrx_word' id='word_1_140' title='bbox 1001 1297 1074 1355; x_wconf 68' lang='grc' dir='ltr'>γὰρ</span> <span class='ocrx_word' id='word_1_141' title='bbox 1107 1298 1168 1338; x_wconf 81' lang='grc' dir='ltr'>ἐπὶ</span> <span class='ocrx_word' id='word_1_142' title='bbox 1195 1297 1355 1354; x_wconf 75' lang='grc' dir='ltr'>Θρᾴκης</span> <span class='ocrx_word' id='word_1_143' title='bbox 1387 1297 1454 1337; x_wconf 82' lang='grc' dir='ltr'>τὸν</span> <span class='ocrx_word' id='word_1_144' title='bbox 1488 1297 1659 1338; x_wconf 76' lang='grc' dir='ltr'>θάνατον</span> <span class='ocrx_word' id='word_1_145' title='bbox 1687 1295 1782 1353; x_wconf 61' lang='grc' dir='ltr'>Βραι-</span> 
     </span>
     <span class='ocr_line' id='line_1_17' title="bbox 299 1365 1785 1429; baseline 0 -17"><span class='ocrx_word' id='word_1_146' title='bbox 299 1365 408 1412; x_wconf 66' lang='grc' dir='ltr'>οίὸου</span> <span class='ocrx_word' id='word_1_147' title='bbox 440 1373 506 1412; x_wconf 81' lang='grc' dir='ltr'>καὶ</span> <span class='ocrx_word' id='word_1_148' title='bbox 539 1371 722 1419; x_wconf 81' lang='grc' dir='ltr'>Κλέωνος</span> <span class='ocrx_word' id='word_1_149' title='bbox 754 1371 860 1412; x_wconf 72' lang='grc' dir='ltr'>ὀκτὼ</span> <span class='ocrx_word' id='word_1_150' title='bbox 900 1373 993 1427; x_wconf 70' lang='grc' dir='ltr'>μησὶ</span> <span class='ocrx_word' id='word_1_151' title='bbox 1033 1371 1315 1429; x_wconf 73' lang='grc' dir='ltr'>προγεγονέναι</span> <span class='ocrx_word' id='word_1_152' title='bbox 1355 1371 1458 1428; x_wconf 76' lang='grc' dir='ltr'>φησί.</span> <span class='ocrx_word' id='word_1_153' title='bbox 1519 1374 1633 1412; x_wconf 82' lang='lat' dir='ltr'>Ponit</span> <span class='ocrx_word' id='word_1_154' title='bbox 1670 1374 1785 1423; x_wconf 81' lang='lat' dir='ltr'>igitur</span> 
     </span>
     <span class='ocr_line' id='line_1_18' title="bbox 298 1447 1783 1497; baseline -0.001 -10"><span class='ocrx_word' id='word_1_155' title='bbox 298 1454 455 1487; x_wconf 89' lang='lat' dir='ltr'>mortem</span> <span class='ocrx_word' id='word_1_156' title='bbox 495 1450 533 1487; x_wconf 92' lang='lat' dir='ltr'>in</span> <span class='ocrx_word' id='word_1_157' title='bbox 578 1461 710 1487; x_wconf 90' lang='lat' dir='ltr'>mense</span> <span class='ocrx_word' id='word_1_158' title='bbox 745 1447 846 1487; x_wconf 71' lang='lat' dir='ltr'>Julio</span> <span class='ocrx_word' id='word_1_159' title='bbox 885 1447 944 1486; x_wconf 89' lang='lat' dir='ltr'>vel</span> <span class='ocrx_word' id='word_1_160' title='bbox 983 1447 1168 1497; x_wconf 88' lang='lat' dir='ltr'>Augusto,</span> <span class='ocrx_word' id='word_1_161' title='bbox 1209 1461 1292 1486; x_wconf 89' lang='lat' dir='ltr'>cum</span> <span class='ocrx_word' id='word_1_162' title='bbox 1332 1449 1427 1487; x_wconf 89' lang='lat' dir='ltr'>sicut</span> <span class='ocrx_word' id='word_1_163' title='bbox 1469 1452 1616 1487; x_wconf 85' lang='lat' dir='ltr'>ceterae</span> <span class='ocrx_word' id='word_1_164' title='bbox 1652 1461 1783 1487; x_wconf 87' lang='lat' dir='ltr'>omnes</span> 
     </span>
     <span class='ocr_line' id='line_1_19' title="bbox 297 1522 1784 1573; baseline -0.001 -12"><span class='ocrx_word' id='word_1_165' title='bbox 297 1523 514 1561; x_wconf 85' lang='lat' dir='ltr'>comoediae</span> <span class='ocrx_word' id='word_1_166' title='bbox 551 1523 663 1561; x_wconf 82' lang='lat' dir='ltr'>etiam</span> <span class='ocrx_word' id='word_1_167' title='bbox 694 1522 771 1560; x_wconf 86' lang='lat' dir='ltr'>Pax</span> <span class='ocrx_word' id='word_1_168' title='bbox 811 1535 884 1561; x_wconf 89' lang='lat' dir='ltr'>non</span> <span class='ocrx_word' id='word_1_169' title='bbox 924 1526 1011 1572; x_wconf 88' lang='lat' dir='ltr'>post</span> <span class='ocrx_word' id='word_1_170' title='bbox 1048 1522 1316 1573; x_wconf 84' lang='lat' dir='ltr'>Dionysiorum</span> <span class='ocrx_word' id='word_1_171' title='bbox 1354 1535 1578 1571; x_wconf 84' lang='lat' dir='ltr'>magnorum</span> <span class='ocrx_word' id='word_1_172' title='bbox 1619 1522 1784 1561; x_wconf 87' lang='lat' dir='ltr'>solenni-</span> 
     </span>
     <span class='ocr_line' id='line_1_20' title="bbox 298 1585 1782 1647; baseline 0.001 -13"><span class='ocrx_word' id='word_1_173' title='bbox 298 1602 425 1645; x_wconf 85' lang='lat' dir='ltr'>tatem,</span> <span class='ocrx_word' id='word_1_174' title='bbox 465 1609 581 1647; x_wconf 87' lang='lat' dir='ltr'>quare</span> <span class='ocrx_word' id='word_1_175' title='bbox 616 1609 694 1635; x_wconf 88' lang='lat' dir='ltr'>non</span> <span class='ocrx_word' id='word_1_176' title='bbox 733 1600 818 1647; x_wconf 90' lang='lat' dir='ltr'>post</span> <span class='ocrx_word' id='word_1_177' title='bbox 857 1609 1024 1635; x_wconf 88' lang='lat' dir='ltr'>mensem</span> <span class='ocrx_word' id='word_1_178' title='bbox 1066 1595 1240 1635; x_wconf 84' lang='lat' dir='ltr'>Martium</span> <span class='ocrx_word' id='word_1_179' title='bbox 1280 1596 1386 1646; x_wconf 82' lang='lat' dir='ltr'>(anni</span> <span class='ocrx_word' id='word_1_180' title='bbox 1418 1597 1511 1643; x_wconf 72' lang='lat'>421)</span> <span class='ocrx_word' id='word_1_181' title='bbox 1552 1585 1675 1636; x_wconf 61' lang='lat' dir='ltr'>docta&#39;</span> <span class='ocrx_word' id='word_1_182' title='bbox 1699 1610 1782 1635; x_wconf 87' lang='lat' dir='ltr'>esse</span> 
     </span>
     <span class='ocr_line' id='line_1_21' title="bbox 297 1660 1785 1721; baseline 0.001 -13"><span class='ocrx_word' id='word_1_183' title='bbox 297 1671 428 1721; x_wconf 87' lang='lat' dir='ltr'>possit.</span> <span class='ocrx_word' id='word_1_184' title='bbox 499 1670 571 1709; x_wconf 87' lang='lat' dir='ltr'>Sed</span> <span class='ocrx_word' id='word_1_185' title='bbox 614 1683 739 1709; x_wconf 86' lang='lat' dir='ltr'>errare</span> <span class='ocrx_word' id='word_1_186' title='bbox 780 1671 872 1708; x_wconf 89' lang='lat' dir='ltr'>mihi</span> <span class='ocrx_word' id='word_1_187' title='bbox 910 1670 1073 1717; x_wconf 84' lang='lat' dir='ltr'>videtur,</span> <span class='ocrx_word' id='word_1_188' title='bbox 1121 1670 1196 1708; x_wconf 85' lang='lat' dir='ltr'>nisi</span> <span class='ocrx_word' id='word_1_189' title='bbox 1234 1670 1329 1708; x_wconf 88' lang='lat' dir='ltr'>forte</span> <span class='ocrx_word' id='word_1_190' title='bbox 1368 1681 1532 1720; x_wconf 84' lang='lat' dir='ltr'>pugnam</span> <span class='ocrx_word' id='word_1_191' title='bbox 1572 1660 1647 1709; x_wconf 84' lang='lat' dir='ltr'>iarn</span> <span class='ocrx_word' id='word_1_192' title='bbox 1697 1673 1785 1709; x_wconf 85' lang='lat' dir='ltr'>aute</span> 
     </span>
     <span class='ocr_line' id='line_1_22' title="bbox 298 1743 1521 1795; baseline 0.001 -13"><span class='ocrx_word' id='word_1_193' title='bbox 298 1757 465 1783; x_wconf 87' lang='lat' dir='ltr'>mensem</span> <span class='ocrx_word' id='word_1_194' title='bbox 495 1745 755 1795; x_wconf 78' lang='lat' dir='ltr'>Septembrem</span> <span class='ocrx_word' id='word_1_195' title='bbox 789 1744 1032 1783; x_wconf 85' lang='lat' dir='ltr'>commissam</span> <span class='ocrx_word' id='word_1_196' title='bbox 1064 1756 1146 1782; x_wconf 89' lang='lat' dir='ltr'>esse</span> <span class='ocrx_word' id='word_1_197' title='bbox 1179 1743 1422 1782; x_wconf 87' lang='lat' dir='ltr'>statuendum</span> <span class='ocrx_word' id='word_1_198' title='bbox 1453 1747 1521 1784; x_wconf 86' lang='lat' dir='ltr'>est.</span> 
     </span>
    </p>

    <p class='ocr_par' dir='ltr' id='par_1_3' title="bbox 295 1817 1785 2467">
     <span class='ocr_line' id='line_1_23' title="bbox 380 1817 1780 1869; baseline 0.002 -14"><span class='ocrx_word' id='word_1_199' title='bbox 380 1817 484 1865; x_wconf 75' lang='lat' dir='ltr'>Tum¹</span> <span class='ocrx_word' id='word_1_200' title='bbox 514 1831 792 1857; x_wconf 85' lang='lat' dir='ltr'>commoremus</span> <span class='ocrx_word' id='word_1_201' title='bbox 831 1817 1068 1869; x_wconf 86' lang='lat' dir='ltr'>aliquantum</span> <span class='ocrx_word' id='word_1_202' title='bbox 1113 1818 1150 1856; x_wconf 90' lang='lat' dir='ltr'>in</span> <span class='ocrx_word' id='word_1_203' title='bbox 1197 1817 1271 1856; x_wconf 86' lang='lat' dir='ltr'>alia</span> <span class='ocrx_word' id='word_1_204' title='bbox 1313 1831 1353 1856; x_wconf 86' lang='lat' dir='ltr'>re</span> <span class='ocrx_word' id='word_1_205' title='bbox 1392 1818 1548 1857; x_wconf 87' lang='lat' dir='ltr'>maioris</span> <span class='ocrx_word' id='word_1_206' title='bbox 1586 1819 1780 1858; x_wconf 89' lang='lat' dir='ltr'>momenti.</span> 
     </span>
     <span class='ocr_line' id='line_1_24' title="bbox 295 1890 1785 1944; baseline 0.001 -14"><span class='ocrx_word' id='word_1_207' title='bbox 295 1890 431 1942; x_wconf 78' lang='lat' dir='ltr'>Agitur</span> <span class='ocrx_word' id='word_1_208' title='bbox 468 1892 513 1930; x_wconf 87' lang='lat' dir='ltr'>de</span> <span class='ocrx_word' id='word_1_209' title='bbox 555 1892 727 1930; x_wconf 79' lang='lat' dir='ltr'>mercede</span> <span class='ocrx_word' id='word_1_210' title='bbox 767 1892 947 1931; x_wconf 90' lang='lat' dir='ltr'>iudicum.</span> <span class='ocrx_word' id='word_1_211' title='bbox 996 1892 1168 1942; x_wconf 89' lang='lat' dir='ltr'>Namque</span> <span class='ocrx_word' id='word_1_212' title='bbox 1207 1891 1302 1943; x_wconf 85' lang='lat' dir='ltr'>Equ.</span> <span class='ocrx_word' id='word_1_213' title='bbox 1335 1905 1393 1931; x_wconf 87' lang='lat' dir='ltr'>vv.</span> <span class='ocrx_word' id='word_1_214' title='bbox 1429 1893 1508 1931; x_wconf 84' lang='lat'>798</span> <span class='ocrx_word' id='word_1_215' title='bbox 1552 1906 1633 1944; x_wconf 87' lang='lat' dir='ltr'>sqq.</span> <span class='ocrx_word' id='word_1_216' title='bbox 1675 1896 1785 1944; x_wconf 86' lang='lat' dir='ltr'>poeta</span> 
     </span>
     <span class='ocr_line' id='line_1_25' title="bbox 295 1966 1778 2018; baseline 0.001 -14"><span class='ocrx_word' id='word_1_217' title='bbox 295 1966 475 2004; x_wconf 84' lang='lat' dir='ltr'>Cleonem</span> <span class='ocrx_word' id='word_1_218' title='bbox 509 1967 792 2016; x_wconf 76' lang='lat' dir='ltr'>promittentem</span> <span class='ocrx_word' id='word_1_219' title='bbox 825 1966 913 2005; x_wconf 82' lang='lat' dir='ltr'>facit</span> <span class='ocrx_word' id='word_1_220' title='bbox 936 1966 1145 2004; x_wconf 87' lang='lat' dir='ltr'>mercedem</span> <span class='ocrx_word' id='word_1_221' title='bbox 1179 1967 1346 2005; x_wconf 91' lang='lat' dir='ltr'>iudicum</span> <span class='ocrx_word' id='word_1_222' title='bbox 1369 1967 1538 2018; x_wconf 89' lang='lat' dir='ltr'>quinque</span> <span class='ocrx_word' id='word_1_223' title='bbox 1568 1966 1778 2016; x_wconf 89' lang='lat' dir='ltr'>obolorum,</span> 
     </span>
     <span class='ocr_line' id='line_1_26' title="bbox 297 2040 1780 2091; baseline 0 -13"><span class='ocrx_word' id='word_1_224' title='bbox 297 2040 330 2078; x_wconf 85' lang='lat' dir='ltr'>si</span> <span class='ocrx_word' id='word_1_225' title='bbox 361 2041 511 2091; x_wconf 88' lang='lat' dir='ltr'>quando</span> <span class='ocrx_word' id='word_1_226' title='bbox 534 2041 748 2079; x_wconf 85' lang='lat' dir='ltr'>Arcadibus</span> <span class='ocrx_word' id='word_1_227' title='bbox 780 2042 818 2079; x_wconf 87' lang='lat' dir='ltr'>in</span> <span class='ocrx_word' id='word_1_228' title='bbox 848 2041 1034 2079; x_wconf 88' lang='lat' dir='ltr'>dicionem</span> <span class='ocrx_word' id='word_1_229' title='bbox 1066 2041 1231 2079; x_wconf 88' lang='lat' dir='ltr'>redactis</span> <span class='ocrx_word' id='word_1_230' title='bbox 1256 2041 1315 2079; x_wconf 87' lang='lat' dir='ltr'>ius</span> <span class='ocrx_word' id='word_1_231' title='bbox 1338 2040 1474 2079; x_wconf 87' lang='lat' dir='ltr'>dicturi</span> <span class='ocrx_word' id='word_1_232' title='bbox 1496 2046 1636 2079; x_wconf 88' lang='lat' dir='ltr'>essent.</span> <span class='ocrx_word' id='word_1_233' title='bbox 1685 2040 1780 2080; x_wconf 88' lang='lat' dir='ltr'>Cum</span> 
     </span>
     <span class='ocr_line' id='line_1_27' title="bbox 295 2114 1782 2166; baseline 0 -13"><span class='ocrx_word' id='word_1_234' title='bbox 295 2116 394 2153; x_wconf 88' lang='lat' dir='ltr'>enim</span> <span class='ocrx_word' id='word_1_235' title='bbox 426 2116 522 2154; x_wconf 87' lang='lat' dir='ltr'>bene</span> <span class='ocrx_word' id='word_1_236' title='bbox 553 2116 586 2154; x_wconf 90' lang='grc'>61</span> <span class='ocrx_word' id='word_1_237' title='bbox 617 2120 745 2154; x_wconf 88' lang='lat' dir='ltr'>notum</span> <span class='ocrx_word' id='word_1_238' title='bbox 779 2120 895 2164; x_wconf 86' lang='lat' dir='ltr'>esset,</span> <span class='ocrx_word' id='word_1_239' title='bbox 935 2129 1001 2166; x_wconf 86' lang='lat' dir='ltr'>per</span> <span class='ocrx_word' id='word_1_240' title='bbox 1032 2115 1210 2155; x_wconf 87' lang='lat' dir='ltr'>Cleonem</span> <span class='ocrx_word' id='word_1_241' title='bbox 1252 2115 1464 2154; x_wconf 86' lang='lat' dir='ltr'>mercedem</span> <span class='ocrx_word' id='word_1_242' title='bbox 1502 2114 1666 2163; x_wconf 86' lang='lat' dir='ltr'>iudicum</span> <span class='ocrx_word' id='word_1_243' title='bbox 1707 2115 1782 2154; x_wconf 85' lang='lat' dir='ltr'>iam</span> 
     </span>
     <span class='ocr_line' id='line_1_28' title="bbox 296 2190 1781 2242; baseline -0.001 -15"><span class='ocrx_word' id='word_1_244' title='bbox 296 2190 410 2228; x_wconf 86' lang='lat' dir='ltr'>semel</span> <span class='ocrx_word' id='word_1_245' title='bbox 433 2196 580 2229; x_wconf 83' lang='lat' dir='ltr'>auctam</span> <span class='ocrx_word' id='word_1_246' title='bbox 603 2204 685 2229; x_wconf 88' lang='lat' dir='ltr'>esse</span> <span class='ocrx_word' id='word_1_247' title='bbox 711 2214 756 2219; x_wconf 88' lang='lat'>-</span> <span class='ocrx_word' id='word_1_248' title='bbox 783 2191 883 2242; x_wconf 88' lang='lat' dir='ltr'>quod</span> <span class='ocrx_word' id='word_1_249' title='bbox 912 2191 944 2228; x_wconf 90' lang='lat' dir='ltr'>ei</span> <span class='ocrx_word' id='word_1_250' title='bbox 967 2194 1119 2241; x_wconf 83' lang='lat' dir='ltr'>poetam</span> <span class='ocrx_word' id='word_1_251' title='bbox 1143 2190 1291 2228; x_wconf 83' lang='lat' dir='ltr'>crimini</span> <span class='ocrx_word' id='word_1_252' title='bbox 1312 2190 1412 2237; x_wconf 88' lang='lat' dir='ltr'>dare,</span> <span class='ocrx_word' id='word_1_253' title='bbox 1445 2190 1559 2228; x_wconf 79' lang='lat' dir='ltr'>etiam</span> <span class='ocrx_word' id='word_1_254' title='bbox 1581 2202 1626 2227; x_wconf 85' lang='lat' dir='ltr'>ex</span> <span class='ocrx_word' id='word_1_255' title='bbox 1648 2201 1680 2227; x_wconf 90' lang='lat' dir='ltr'>v.</span> <span class='ocrx_word' id='word_1_256' title='bbox 1704 2190 1781 2228; x_wconf 80' lang='lat'>807</span> 
     </span>
     <span class='ocr_line' id='line_1_29' title="bbox 295 2263 1784 2315; baseline -0.001 -12"><span class='ocrx_word' id='word_1_257' title='bbox 295 2269 452 2315; x_wconf 75' lang='lat' dir='ltr'>apparet</span> <span class='ocrx_word' id='word_1_258' title='bbox 475 2289 539 2313; x_wconf 37' lang='grc' dir='ltr'>ψ,</span> <span class='ocrx_word' id='word_1_259' title='bbox 571 2265 643 2303; x_wconf 85' lang='grc'><strong>1106</strong></span> <span class='ocrx_word' id='word_1_260' title='bbox 676 2265 784 2303; x_wconf 84' lang='lat' dir='ltr'>modo</span> <span class='ocrx_word' id='word_1_261' title='bbox 815 2264 1095 2315; x_wconf 84' lang='lat' dir='ltr'>Allantopolam</span> <span class='ocrx_word' id='word_1_262' title='bbox 1127 2271 1212 2303; x_wconf 87' lang='lat' dir='ltr'>eum</span> <span class='ocrx_word' id='word_1_263' title='bbox 1245 2267 1489 2315; x_wconf 84' lang='lat' dir='ltr'>superantem</span> <span class='ocrx_word' id='word_1_264' title='bbox 1520 2263 1610 2302; x_wconf 86' lang='lat' dir='ltr'>facit</span> <span class='ocrx_word' id='word_1_265' title='bbox 1642 2263 1784 2313; x_wconf 83' lang='lat' dir='ltr'>magni-</span> 
     </span>
     <span class='ocr_line' id='line_1_30' title="bbox 296 2337 1784 2390; baseline -0.001 -14"><span class='ocrx_word' id='word_1_266' title='bbox 296 2339 487 2389; x_wconf 86' lang='lat' dir='ltr'>loquentia</span> <span class='ocrx_word' id='word_1_267' title='bbox 526 2340 713 2390; x_wconf 82' lang='lat' dir='ltr'>vanisque</span> <span class='ocrx_word' id='word_1_268' title='bbox 752 2339 967 2390; x_wconf 70' lang='lat' dir='ltr'>promissis</span> <span class='ocrx_word' id='word_1_269' title='bbox 1037 2338 1163 2389; x_wconf 85' lang='lat' dir='ltr'>Atque</span> <span class='ocrx_word' id='word_1_270' title='bbox 1209 2339 1256 2376; x_wconf 88' lang='lat' dir='ltr'>de</span> <span class='ocrx_word' id='word_1_271' title='bbox 1296 2339 1367 2377; x_wconf 87' lang='lat' dir='ltr'>hac</span> <span class='ocrx_word' id='word_1_272' title='bbox 1406 2337 1571 2376; x_wconf 89' lang='lat' dir='ltr'>iudicum</span> <span class='ocrx_word' id='word_1_273' title='bbox 1612 2337 1784 2376; x_wconf 86' lang='lat' dir='ltr'>mercede</span> 
     </span>
     <span class='ocr_line' id='line_1_31' title="bbox 298 2403 1784 2467; baseline 0.001 -18"><span class='ocrx_word' id='word_1_274' title='bbox 298 2410 449 2467; x_wconf 71' lang='grc' dir='ltr'>(μισθὸς</span> <span class='ocrx_word' id='word_1_275' title='bbox 479 2411 710 2458; x_wconf 68' lang='grc' dir='ltr'>’ἡλιαστικος</span> <span class='ocrx_word' id='word_1_276' title='bbox 731 2412 786 2451; x_wconf 89' lang='lat' dir='ltr'>vel</span> <span class='ocrx_word' id='word_1_277' title='bbox 813 2403 1057 2464; x_wconf 68' lang='grc' dir='ltr'>δικαστικός)</span> <span class='ocrx_word' id='word_1_278' title='bbox 1080 2413 1173 2451; x_wconf 89' lang='lat' dir='ltr'>haec</span> <span class='ocrx_word' id='word_1_279' title='bbox 1204 2413 1405 2452; x_wconf 89' lang='lat' dir='ltr'>statuenda</span> <span class='ocrx_word' id='word_1_280' title='bbox 1435 2425 1518 2451; x_wconf 88' lang='lat' dir='ltr'>esse</span> <span class='ocrx_word' id='word_1_281' title='bbox 1540 2412 1632 2450; x_wconf 91' lang='lat' dir='ltr'>mihi</span> <span class='ocrx_word' id='word_1_282' title='bbox 1655 2411 1784 2450; x_wconf 89' lang='lat' dir='ltr'>viden-</span> 
     </span>
    </p>
   </div>
   <div class='ocr_carea' id='block_1_3' title="bbox 298 2541 1784 2754">
    <p class='ocr_par' dir='ltr' id='par_1_4' title="bbox 298 2541 1784 2640">
     <span class='ocr_line' id='line_1_32' title="bbox 365 2541 1784 2583; baseline -0.002 -8"><span class='ocrx_word' id='word_1_283' title='bbox 365 2541 412 2583; x_wconf 81' lang='lat'>49)</span> <span class='ocrx_word' id='word_1_284' title='bbox 439 2545 484 2575; x_wconf 90' lang='lat' dir='ltr'>Ol.</span> <span class='ocrx_word' id='word_1_285' title='bbox 510 2545 560 2580; x_wconf 73' lang='lat'>89,</span> <span class='ocrx_word' id='word_1_286' title='bbox 595 2547 623 2575; x_wconf 68' lang='grc'>3,</span> <span class='ocrx_word' id='word_1_287' title='bbox 656 2555 731 2583; x_wconf 85' lang='lat' dir='ltr'>quae</span> <span class='ocrx_word' id='word_1_288' title='bbox 762 2546 832 2574; x_wconf 84' lang='lat' dir='ltr'>inde</span> <span class='ocrx_word' id='word_1_289' title='bbox 861 2555 877 2574; x_wconf 83' lang='lat' dir='ltr'>a</span> <span class='ocrx_word' id='word_1_290' title='bbox 909 2554 1008 2573; x_wconf 83' lang='lat' dir='ltr'>mense</span> <span class='ocrx_word' id='word_1_291' title='bbox 1039 2544 1119 2573; x_wconf 78' lang='lat' dir='ltr'>Julio</span> <span class='ocrx_word' id='word_1_292' title='bbox 1146 2541 1389 2583; x_wconf 83' lang='lat' dir='ltr'>(Hecatombaco)</span> <span class='ocrx_word' id='word_1_293' title='bbox 1420 2545 1489 2574; x_wconf 86' lang='lat' dir='ltr'>anni</span> <span class='ocrx_word' id='word_1_294' title='bbox 1523 2544 1586 2573; x_wconf 83' lang='lat'>422</span> <span class='ocrx_word' id='word_1_295' title='bbox 1621 2552 1717 2582; x_wconf 82' lang='lat' dir='ltr'>usque</span> <span class='ocrx_word' id='word_1_296' title='bbox 1747 2543 1784 2572; x_wconf 85' lang='lat' dir='ltr'>ad</span> 
     </span>
     <span class='ocr_line' id='line_1_33' title="bbox 298 2602 1070 2640; baseline -0.001 -9"><span class='ocrx_word' id='word_1_297' title='bbox 298 2603 424 2631; x_wconf 80' lang='lat' dir='ltr'>cundem</span> <span class='ocrx_word' id='word_1_298' title='bbox 453 2612 580 2631; x_wconf 68' lang='lat' dir='ltr'>mensem</span> <span class='ocrx_word' id='word_1_299' title='bbox 608 2603 675 2631; x_wconf 82' lang='lat' dir='ltr'>anui</span> <span class='ocrx_word' id='word_1_300' title='bbox 704 2604 760 2631; x_wconf 77' lang='lat'>421</span> <span class='ocrx_word' id='word_1_301' title='bbox 794 2602 992 2640; x_wconf 75' lang='lat' dir='ltr'>computanda</span> <span class='ocrx_word' id='word_1_302' title='bbox 1018 2604 1070 2630; x_wconf 84' lang='lat' dir='ltr'>cst.</span> 
     </span>
    </p>

    <p class='ocr_par' dir='ltr' id='par_1_5' title="bbox 298 2655 1782 2754">
     <span class='ocr_line' id='line_1_34' title="bbox 366 2655 1782 2698; baseline -0.001 -11"><span class='ocrx_word' id='word_1_303' title='bbox 366 2655 411 2695; x_wconf 67' lang='lat'>⁵0)</span> <span class='ocrx_word' id='word_1_304' title='bbox 439 2659 475 2689; x_wconf 90' lang='lat' dir='ltr'>cf.</span> <span class='ocrx_word' id='word_1_305' title='bbox 500 2660 587 2688; x_wconf 80' lang='lat' dir='ltr'>ctiam</span> <span class='ocrx_word' id='word_1_306' title='bbox 613 2659 798 2688; x_wconf 83' lang='lat' dir='ltr'>Athenaeum</span> <span class='ocrx_word' id='word_1_307' title='bbox 825 2669 873 2698; x_wconf 83' lang='lat' dir='ltr'>pg.</span> <span class='ocrx_word' id='word_1_308' title='bbox 893 2659 955 2687; x_wconf 79' lang='lat'>218</span> <span class='ocrx_word' id='word_1_309' title='bbox 987 2658 1089 2697; x_wconf 82' lang='lat' dir='ltr'>ibique</span> <span class='ocrx_word' id='word_1_310' title='bbox 1115 2658 1321 2687; x_wconf 82' lang='lat' dir='ltr'>Casaubonum</span> <span class='ocrx_word' id='word_1_311' title='bbox 1347 2658 1381 2688; x_wconf 81' lang='lat' dir='ltr'>V.</span> <span class='ocrx_word' id='word_1_312' title='bbox 1416 2659 1465 2693; x_wconf 77' lang='lat'>18,</span> <span class='ocrx_word' id='word_1_313' title='bbox 1501 2657 1659 2689; x_wconf 82' lang='lat' dir='ltr'>Hermanni</span> <span class='ocrx_word' id='word_1_314' title='bbox 1690 2657 1782 2697; x_wconf 82' lang='lat' dir='ltr'>praef.</span> 
     </span>
     <span class='ocr_line' id='line_1_35' title="bbox 298 2716 623 2754; baseline 0 -10"><span class='ocrx_word' id='word_1_315' title='bbox 298 2716 333 2745; x_wconf 80' lang='lat' dir='ltr'>ad</span> <span class='ocrx_word' id='word_1_316' title='bbox 376 2716 472 2745; x_wconf 72' lang='lat' dir='ltr'>Nubb.</span> <span class='ocrx_word' id='word_1_317' title='bbox 505 2717 623 2754; x_wconf 75' lang='lat' dir='ltr'>pg.14.</span> 
     </span>
    </p>
   </div>
  </div>
 </body>
</html>
