1989 3216
882 206 1159 246 ,20-

280 335 460 384 temporis
500 334 568 371 viri
605 333 705 372 docti
745 334 966 384 saepissime
1004 333 1186 371 fecerunt.
1265 332 1380 371 Valde
1419 333 1529 371 aliter
1566 338 1765 373 senserunt

283 411 425 446 veteres
457 408 541 458 ipsi.
598 406 774 446 Socrates
805 407 1084 445 comoediarum
1119 406 1330 457 publicatos
1360 406 1399 444 in
1431 420 1471 445 se
1502 410 1540 445 et
1569 411 1763 458 spectatos

281 481 380 519 sales
410 482 448 519 in
483 482 618 520 bonam
652 486 798 532 partem
829 481 974 531 accepit
1002 481 1175 531 risitque,
1216 486 1257 519 ut
1287 480 1406 519 tradit
1434 480 1616 520 Aelianus
1649 477 1700 533 (v.
1721 482 1759 520 h.

282 556 319 603 2,
357 557 424 600 18,
463 555 508 593 cf.
541 554 672 594 Senec.
712 555 757 593 de
788 559 906 593 const.
939 567 1018 606 sap.
1053 567 1113 605 cp.
1149 557 1212 604 18,
1253 554 1412 603 Diogen.
1443 554 1568 593 Laert.
1604 556 1640 603 2,
1681 553 1760 603 36).

281 628 552 667 Cavillationes
584 629 684 668 enim
715 629 985 679 Aristophanis
1025 628 1129 667 nullo
1160 628 1272 667 modo
1310 641 1421 677 aegre
1450 628 1538 667 tulit
1567 628 1764 679 amicoque

280 703 420 741 dixisse
449 703 581 752 fertur,
625 703 726 741 idem
756 715 841 741 esse
871 715 915 741 ac
946 703 978 740 si
1008 703 1046 740 in
1078 715 1216 752 magno
1248 702 1423 741 convivio
1453 706 1670 753 carperetur
1701 699 1764 751 (cf.

279 777 377 816 Plut.
411 776 470 815 vel
508 776 753 828 Pseudoplut.
785 777 833 815 de
872 776 978 815 educ.
1012 776 1076 815 lib.
1110 773 1133 827 ξ
1171 774 1248 826 14).
1323 776 1448 814 Testis
1491 780 1550 815 est
1591 777 1764 827 inprimis

282 852 365 901 ipse
396 851 516 900 Plato,
556 851 634 902 qui,
675 864 905 901 quamquam
939 854 1052 901 poeta
1082 853 1364 900 praeceptorem
1403 851 1484 889 eius
1513 850 1763 900 carissimum,

280 924 488 973 Socratem,
534 925 758 975 turpissimo
804 937 953 976 quoque
1002 923 1113 962 modo
1163 924 1446 974 perstrinxerat,
1496 929 1626 963 tamen
1671 926 1764 964 adeo

279 1002 426 1048 poetam
458 999 732 1045 admirabatur,
765 1005 806 1037 ut
837 999 918 1037 eius
947 997 1166 1037 comoediae
1196 1002 1349 1037 auctore
1371 997 1641 1049 Olympiodoro
1661 999 1765 1038 iuxta

278 1072 415 1111 lectum
439 1074 579 1111 mortui
601 1073 817 1124 philosophi
844 1073 1118 1111 invenirentur.
1170 1072 1218 1110 Et
1237 1073 1268 1110 si
1300 1073 1384 1124 quis
1404 1073 1534 1112 fictum
1557 1073 1628 1111 hoc
1649 1076 1763 1124 atque

279 1151 535 1186 commentum
569 1161 651 1186 esse
683 1152 809 1198 putat,
849 1147 1067 1185 meminerit
1105 1147 1388 1197 epigrammatis
1421 1147 1522 1186 illius
1553 1160 1576 1186 a
1608 1147 1764 1186 Platone

280 1221 445 1260 inventi:

459 1293 506 1333 Αἱ
537 1292 691 1350 χάριτες
720 1292 880 1349 τέμενός
910 1308 949 1333 τι
980 1292 1132 1346 λαβεῖν,
1165 1293 1257 1348 ὅπερ
1289 1292 1375 1349 οὐχὶ
1404 1300 1583 1334 πεσεῖται

605 1362 794 1416 ζητοῦσαι
826 1365 950 1423 ψυχὴν
983 1362 1093 1423 εὖρον
1125 1365 1435 1423 Ἀριστοφάνους.

366 1443 547 1492 Vidimus,
579 1456 654 1495 quo
678 1444 791 1482 modo
822 1448 931 1495 poeta
962 1444 1002 1482 iu
1034 1444 1161 1482 vivum
1183 1442 1363 1482 Cleonem
1394 1443 1636 1485 consuluerit.
1690 1444 1763 1484 Sed

279 1531 325 1556 ne
359 1522 505 1556 mortuo
536 1518 688 1569 quidem
721 1519 906 1569 pepercit.
969 1517 1206 1569 Quamquam
1239 1519 1337 1556 enim
1370 1518 1497 1557 Nubb.
1521 1533 1580 1559 vv.
1605 1521 1705 1560 549:

414 1588 453 1637 ὃς
485 1589 671 1648 μέγιστον
704 1589 799 1630 ὄντα
830 1588 985 1630 Κλέων’
1020 1588 1146 1630 ἕπαισ’
1177 1591 1215 1637 ἐς
1245 1591 1316 1635 τὴν
1346 1588 1534 1647 γαστέρα,

413 1667 511 1704 κούκ
543 1663 731 1720 ἐτόλμησ’
763 1658 874 1712 αὖθις
906 1655 1153 1720 ἐπεμπηδῆσ’
1185 1665 1294 1715 αὐτῷ·
1326 1663 1504 1722 κειμένῳ.

280 1743 360 1792 ipse
391 1741 438 1779 de
470 1753 510 1779 se
540 1740 755 1790 praedicat,
794 1753 834 1779 se
864 1753 886 1779 a
918 1740 1019 1779 victo
1055 1739 1272 1779 adversario
1310 1754 1460 1792 semper
1490 1754 1531 1780 se
1561 1742 1763 1792 abstinere,

279 1822 407 1854 tamen
429 1815 523 1853 adeo
545 1815 618 1853 sibi
638 1828 714 1853 non
737 1815 919 1863 constitit,
950 1817 993 1853 ut
1023 1814 1135 1852 etiam
1170 1818 1360 1853 mortuum
1381 1815 1516 1855 acerbe
1536 1816 1765 1866 obiurgaret.

279 1891 374 1928 Tota
419 1890 519 1927 enim
568 1889 677 1928 Pacis
721 1889 930 1938 comoedia,
981 1901 1078 1939 quae
1123 1888 1235 1927 docta
1279 1893 1337 1928 est
1380 1890 1528 1939 magnis
1573 1889 1767 1942 Dionysiis

280 1964 369 2002 anni
401 1964 495 2011 421,
535 1967 620 2001 octo
652 1975 800 2002 menses
833 1969 918 2013 post
945 1968 1103 2001 mortem
1138 1959 1416 2014 deniagogi28)‚
1457 1965 1494 2002 in
1526 1963 1668 2003 Cleone
1705 1963 1766 2003 de-

280 2037 447 2076 notando
487 2042 676 2085 versatur,
714 2037 814 2088 quod
855 2049 941 2075 cum
978 2036 1192 2075 rectissime
1228 2038 1415 2077 intellexit
1451 2036 1666 2077 Scholiasta
1702 2035 1765 2090 (cf.

279 2112 392 2151 Mein.
417 2112 474 2150 ed.
497 2110 563 2149 Ar.
585 2110 612 2159 Ι,
646 2111 740 2159 282,
772 2111 795 2149 l.
821 2112 869 2149 29
904 2122 1007 2161 sqq.:
1050 2110 1094 2147 οὐ
1115 2113 1235 2148 τοῦτο
1269 2102 1312 2149 δὲ
1344 2109 1462 2166 μόνον
1489 2108 1584 2167 ὑπὲρ
1616 2109 1766 2168 εἰρήνης

281 2182 549 2241 Ἀριστοφάνης
569 2183 616 2222 τὸ
648 2177 779 2239 δρᾶμα
802 2181 992 2230 τέθεικεν,
1026 2182 1132 2223 ἀλλά
1163 2183 1229 2223 καὶ
1258 2183 1351 2231 τοὺς
1371 2182 1558 2241 Ἀχαρνεῒς
1579 2184 1646 2224 καὶ
1675 2183 1766 2232 τοὺς

280 2254 434 2304 Ἱππέας
469 2256 535 2296 καὶ
567 2249 786 2307 Ὀλκάδας,
826 2256 893 2295 καὶ
928 2263 1134 2313 πανταχοῦ
1164 2263 1285 2297 τοῦτο
1318 2250 1581 2308 ἐσπούδακεν,
1621 2256 1690 2298 τὸν
1722 2249 1766 2298 δὲ

284 2329 450 2370 Κλέωνα
480 2322 689 2386 κωμῳδῶν
709 2330 779 2370 τὸν
802 2329 1065 2387 ἀντιλέγοντα
1093 2330 1161 2371 καὶ
1185 2329 1384 2388 Λάμαχον
1404 2330 1474 2371 τὸν
1496 2331 1765 2388 φιλοπόλεμον

280 2404 343 2443 ἀεὶ
377 2398 647 2456 διαβάλλων),
679 2410 759 2444 tum
790 2406 872 2456 ipse
903 2410 1013 2456 poeta
1044 2407 1176 2445 testari
1207 2407 1371 2456 videtur,
1403 2420 1488 2446 cum
1520 2407 1763 2446 scarabaeum

279 2479 384 2518 illum
417 2475 648 2534 (κάνθαρον)
681 2480 860 2520 Cleonem
891 2484 1179 2531 repraesentare
1209 2480 1312 2519 dicat
1342 2494 1401 2520 vv,
1424 2484 1475 2521 47
1508 2494 1585 2532 sq.:

551 2544 680 2591 δοκέω
713 2550 797 2609 μέν,
829 2552 865 2599 ἐς
898 2550 1070 2592 Κλέωνα
1099 2550 1210 2592 τοῦτ’
1241 2552 1466 2604 αἰνίσσεται,

550 2627 601 2672 ὡς
632 2632 756 2673 κεῖνος
788 2619 979 2673 ἀναιδέως
1009 2624 1081 2670 τὴν
1112 2626 1307 2671 σπατίλην
1341 2625 1473 2667 ἐσθίει.

346 2727 390 2769 28)
416 2731 452 2759 of.
482 2732 615 2769 Droysen
643 2733 670 2764 l,
699 2732 771 2763 349,
800 2730 899 2760 Schol.
918 2730 1022 2759 Venet.
1046 2730 1081 2759 ad
1108 2732 1156 2759 Ar.
1183 2731 1247 2759 Pac.
1273 2740 1300 2760 v.
1319 2731 1371 2760 48.
1423 2731 1466 2760 De
1491 2728 1611 2759 scholiis
1636 2729 1672 2759 cf.
1693 2729 1761 2759 Otto

279 2788 450 2821 Schneider,
476 2788 513 2815 <le
537 2787 755 2824 Aristophanis.
775 2787 902 2816 Scholiis
934 2789 1024 2816 18:28.
