1989 3216
877 102 1151 143 -3-2-

274 231 380 269 initio
411 230 500 268 anni
531 230 609 267 423
642 242 674 267 a.
708 229 798 269 Chr.
832 227 886 277 n.)
918 235 954 267 et
985 241 1212 279 quamquam
1247 228 1469 267 Ammianus
1502 228 1754 273 Marcellinus,

273 305 338 355 qui
376 305 413 342 in
448 306 522 342 vita
554 303 787 353 Thucydidis
818 301 998 341 Cleonem
1029 307 1219 341 auctorem
1253 303 1375 351 affert,
1412 302 1532 352 ipsius
1561 302 1757 353 scriptoris

274 379 389 416 verba
423 381 571 416 tantum
608 377 880 426 interpretatus
918 380 956 414 et
992 380 1270 415 commentatus
1308 378 1390 415 esse
1427 375 1590 424 videtur,
1629 381 1757 416 tamen

273 465 339 501 per
375 465 415 489 se
453 451 561 489 valde
599 449 792 501 probabile
822 456 891 497 est,
931 450 1096 498 Cleonis,
1138 451 1206 488 viri
1246 457 1323 488 tum
1365 450 1528 488 maxime
1557 449 1752 502 popularis

273 528 385 574 atque
423 525 522 575 plebi
555 524 823 574 acceptissimi,
865 524 1089 562 auctoritate
1127 528 1320 573 permotos
1353 524 1604 562 Athenienses
1641 524 1757 574 scrip-

272 603 390 637 torem
423 600 460 637 in
493 598 645 636 exilium
668 598 804 647 egisse.
855 598 987 647 Neque
1012 609 1096 636 vero
1126 598 1167 635 in
1189 598 1261 636 hac
1290 610 1331 636 re
1356 598 1494 636 iniuste
1514 597 1603 636 fecit
1622 596 1755 636 Cleon.

274 672 357 721 Qua
387 673 434 711 de
467 686 503 711 re
534 672 683 721 longius
715 671 928 721 exponendi
964 684 1047 709 cum
1081 672 1143 710 hic
1174 685 1246 710 non
1277 671 1383 710 locus
1412 672 1475 720 sit,
1509 671 1605 710 satis
1635 671 1758 710 habeo

273 748 365 793 eius,
405 748 469 798 qui
498 746 660 785 dilucide
697 746 742 784 de
779 746 851 783 hac
881 758 921 783 re
951 745 1157 796 disputavit
1195 750 1233 784 et
1269 757 1498 796 quamquam
1526 745 1760 784 dissentiunt

273 821 440 868 Curtius,
482 821 641 870 Kriiger,
682 819 855 868 Classen,
895 818 1003 857 multi
1042 819 1106 858 alii
1138 820 1206 858 viri
1237 820 1459 865 doctissimi,
1498 822 1624 858 tamen
1665 818 1759 857 mihi

274 895 384 945 plane
420 895 620 945 persuasit,
659 893 839 932 iudicium
872 905 1077 944 apponere.
1137 893 1264 944 Atque
1294 893 1409 932 Grote
1440 891 1515 943 (III,
1548 893 1645 941 639)
1676 904 1755 931 rem

272 970 331 1007 his
363 969 489 1007 verbis
523 969 623 1007 finit:
664 967 825 1006 Meinem
856 967 1026 1006 Urtheile
1065 967 1161 1006 nach
1195 980 1273 1006 war
1310 968 1417 1006 nicht
1446 966 1558 1006 allein
1578 966 1651 1006 -die
1681 965 1758 1005 Au-

273 1043 382 1092 klage
419 1055 540 1092 gegen
577 1043 681 1081 diese
719 1042 854 1080 beiden
893 1041 1070 1081 Offiziere
1109 1042 1181 1090 (ich
1214 1042 1350 1080 nehme
1384 1054 1445 1089 an,
1490 1041 1582 1080 dass
1612 1039 1758 1079 Eukles

274 1119 339 1156 mit
369 1117 675 1167 eingeschlossen
698 1119 788 1163 war}
811 1117 876 1155 auf
895 1117 955 1155 die
976 1116 1245 1155 rechtlichsten
1269 1115 1580 1167 praesumptiven
1602 1113 1759 1154 Griinde

273 1191 566 1241 hervorgerufen
599 1213 649 1217 —
684 1203 761 1229 was
800 1191 882 1229 eine
913 1190 1230 1240 Rechtfertigung
1267 1191 1327 1229 fiir
1364 1191 1438 1228 den
1474 1189 1761 1229 Lederliandler

276 1265 394 1304 Kleon
425 1266 506 1304 sein
530 1266 659 1304 wiirde
680 1286 732 1292 ——
755 1265 921 1303 sondern
952 1278 991 1303 es
1026 1278 1103 1304 war
1133 1265 1229 1304 auch
1259 1265 1328 1304 der
1357 1277 1479 1314 gegen
1509 1265 1565 1303 sie
1594 1264 1760 1314 gethane

273 1341 432 1389 positive
472 1339 692 1390 Ausspruch
742 1336 973 1389 „Schuldig‘²
1023 1339 1279 1378 vollkommen
1319 1339 1503 1378 verdient.
1549 1360 1598 1366 --
1631 1338 1761 1377 Tertia

274 1426 387 1452 causa
418 1414 540 1452 afferri
572 1418 708 1464 potest,
741 1414 831 1464 quia
852 1413 971 1453 Cleon
993 1413 1258 1463 Anaxagoram
1291 1413 1494 1459 accusavit,
1525 1412 1760 1464 Thucydidis

274 1493 557 1539 praeceptorem
599 1483 663 1540 (cf.
697 1488 761 1526 vit.
794 1486 956 1526 Marcell.
991 1487 1012 1536 ξ
1044 1489 1095 1526 22
1139 1493 1175 1526 et
1207 1488 1355 1537 Kriiger
1384 1486 1534 1527 Unters.
1566 1486 1662 1526 iiber
1691 1486 1761 1525 das

273 1562 402 1602 Leben
441 1563 476 1601 d.
516 1562 632 1601 Thuc.
672 1562 718 1600 de
756 1562 828 1600 hac
863 1557 944 1614 re),
992 1562 1023 1600 si
1062 1562 1217 1613 quidem
1257 1562 1420 1612 scriptor
1463 1574 1504 1600 re
1542 1573 1632 1599 vera
1675 1573 1760 1599 eum

274 1637 429 1682 audivit,
461 1637 563 1688 quod
595 1636 704 1674 valde
734 1635 930 1686 probabile
963 1636 1123 1684 videtur,
1155 1649 1240 1675 cum
1260 1636 1531 1686 Anaxagoram
1561 1634 1638 1674 illis
1667 1638 1761 1673 tem-

277 1712 433 1763 poribus
474 1711 634 1750 Athenis
678 1710 853 1749 floruisse
892 1714 1051 1749 constet.
1119 1710 1176 1748 De
1216 1723 1292 1760 qua
1329 1709 1567 1749 accusatione
1605 1708 1766 1748 tradidit

275 1786 466 1835 Diogenes
496 1785 670 1824 Laertius
707 1785 747 1823 in
785 1784 872 1822 vitis
911 1781 1309 1835 philosophor11m⁴²):
1348 1778 1441 1838 Περὶ
1479 1773 1523 1820 δὲ
1552 1786 1624 1827 τῆς
1654 1775 1764 1828 δίκης

276 1859 398 1897 αὐτοῦ
437 1850 606 1912 διάφοροι
642 1854 815 1912 λέγεται.
882 1853 1046 1895 Σωτίων
1077 1854 1147 1912 μὲν
1177 1856 1253 1913 γάρ
1287 1869 1401 1912 φησιν
1431 1857 1472 1895 ἐν
1508 1860 1560 1909 τῇ
1589 1846 1761 1910 διαδοχῇ

275 1937 355 1971 τῶν
387 1930 611 1987 φιλοσόφων
642 1929 716 1969 ὑπὸ
749 1927 931 1976 Κλέωνος
968 1929 1089 1969 αὐτὸν
1122 1929 1300 1983 ἀσεβείας
1327 1928 1525 1985 κριθῆναι,
1563 1920 1765 1984 διότιιμὲν

275 2005 386 2050 ἥλιον
425 1997 571 2061 μύδρον
611 2005 724 2060 ἔλεγε
765 1996 972 2060 διάπυρον·
1019 2005 1378 2061 ἀπολογησαμένου
1424 1995 1469 2042 δὲ
1508 2000 1603 2059 ὑπὲρ
1640 2003 1764 2042 αὐτοῦ

279 2076 508 2135 [Περικλέους
537 2084 607 2118 τοῦ
639 2077 837 2133 μαθητοῦ,
869 2076 986 2117 πέντε
1015 2077 1228 2125 ταλάντοις
1263 2072 1512 2134 ζημιωθῆναι
1542 2076 1610 2116 καὶ
1639 2089 1764 2134 φυγα-

279 2144 466 2197 δευθῆναι
498 2153 580 2192 κτὲ.
643 2152 749 2201 Quae
780 2154 971 2192 accusatio
1002 2153 1171 2203 Cleonis,
1204 2155 1234 2193 si
1265 2153 1420 2192 omnino
1449 2165 1541 2192 vera
1570 2155 1640 2199 est,
1672 2150 1766 2190 nihil

277 2229 314 2266 in
346 2241 386 2266 se
415 2228 533 2266 habet
561 2228 764 2275 inhonesti,
797 2240 918 2278 neque
951 2227 1071 2277 video,
1103 2241 1170 2267 cur
1194 2228 1326 2267 Cleoni
1357 2240 1400 2265 ex
1431 2225 1619 2265 eiusmodi
1649 2225 1764 2264 rebus

279 2302 410 2340 vitium
441 2301 558 2340 tribui
589 2301 719 2351 possit,
758 2314 842 2340 cum
876 2305 1034 2347 constet,
1074 2301 1256 2351 populum
1293 2301 1417 2351 ipsum
1457 2300 1504 2338 ab
1535 2311 1580 2338 eo
1611 2298 1765 2338 stetisse

278 2380 314 2413 et
344 2375 609 2425 Anaxagoram
640 2375 894 2424 damnavisse,
925 2375 1099 2426 quamvis
1129 2373 1349 2413 defenderet
1377 2386 1461 2412 eum
1494 2372 1673 2412 Pericles.

364 2450 437 2488 Sed
476 2450 569 2488 haec
605 2449 801 2488 hactenus.
872 2448 1030 2495 Omitto,
1069 2460 1116 2486 ne
1154 2447 1290 2497 longus
1328 2449 1413 2497 sim,
1451 2447 1604 2486 uberius
1640 2446 1688 2485 de
1719 2445 1764 2484 iis

279 2524 391 2562 rebus
429 2523 628 2572 disserere,
675 2535 769 2574 quas
809 2521 1048 2570 Plutarchus,
1095 2522 1157 2560 alii
1195 2521 1242 2560 de
1280 2521 1420 2560 Cleone
1457 2521 1632 2568 afferunt,
1673 2519 1762 2570 quia

347 2678 388 2719 ³¹9)
414 2684 459 2712 ed.
480 2683 580 2718 Cobet,
606 2683 686 2712 Paris
714 2683 807 2717 1850,
835 2681 885 2712 lib.
906 2681 941 2717 ΙΙ,
968 2691 1013 2720 cp.
1036 2682 1086 2717 ΙΙΙ,
1113 2683 1167 2711 No.
1188 2683 1217 2716 9,
1244 2691 1292 2720 pg.
1312 2682 1352 2710 35
1380 2689 1426 2719 sq.
