2022 3282
782 231 1060 275 ...35-

176 352 221 396 οῧ
238 370 332 412 φασι
348 356 416 396 τὸν
432 355 586 412 πατέρα
606 355 785 406 Κλέωνα,
809 363 888 395 τῶν
906 359 1104 411 ὑμετέρων
1125 356 1328 412 προγόνων
1350 360 1664 411 στρατῃχόῦντα,

177 422 508 486 Λακεδαιμονίων
528 430 701 478 πολλοὺς
723 431 762 469 ἐν
787 428 909 480 Πύλῳ
934 424 1084 476 ζῶντας
1110 430 1288 480 λαβόντα
1311 429 1486 484 μάλιστα
1507 427 1668 467 πάντων

178 504 217 543 ἑν
247 509 300 557 τῇ
320 506 433 544 πόλει
455 496 726 560 εὐδοκιμῆσαν..
773 504 830 543 Ex
850 517 925 556 quo
946 504 1028 543 loco
1051 505 1166 542 etiam
1187 508 1358 554 apparet,
1391 516 1466 542 non
1488 503 1665 542 omnibus

176 578 349 619 bellicam
382 579 535 619 Cleonis
566 580 744 617 virtutem
782 578 877 616 adeo
916 578 1194 629 vituperatione
1237 578 1392 628 dignam
1423 578 1544 616 visam
1586 590 1668 616 esse

178 657 220 692 ut
249 653 472 706 Thucydidi.

261 727 406 765 Deinde
441 726 487 765 de
524 727 648 777 patria
685 725 839 765 Cleonis
875 725 1154 776 Aristophanes
1193 724 1308 776 Vesp.
1341 739 1375 764 v,
1416 727 1495 764 895
1535 725 1666 775 tradit,

178 801 243 839 ubi
273 800 390 840 Cleon
422 805 578 839 vocatur
607 797 711 838 κύων
735 790 1036 844 Κυδαθηναιεύς
1068 800 1173 838 litem
1204 799 1408 838 intendens
1438 800 1524 838 cani
1546 795 1667 850 Δὰβῃ

174 864 369 923 Αἰξιωνεῒ,
408 875 432 912 i.
464 887 497 912 e.
530 874 687 913 Lacheti
724 874 829 922 duci,
870 878 985 925 atque
1023 873 1239 912 Scholiasta
1280 873 1374 912 haec
1411 873 1548 912 habet:
1590 870 1666 910 ἀπὸ

176 937 304 1001 δήμου
335 951 405 994 τῆς
436 939 690 993 Πανδιονίδος
721 947 855 1002 φυλῆς.
897 947 1118 997 νΑεοι-ἰρῐιιε
1155 947 1271 997 igitur
1309 947 1381 986 fuit
1411 947 1529 987 Cleon
1562 946 1667 1001 φυλῇ

175 1013 412 1071 Πανδιονίδι,
455 1013 570 1077 δήμῳ
608 1012 901 1072 Κυδαθῃναίῳ,
947 1022 1048 1073 quod
1087 1023 1201 1060 etiam
1250 1025 1374 1060 vetere
1418 1022 1668 1072 inscriptione

176 1096 319 1135 firmari
339 1097 449 1135 affert
469 1096 644 1148 Droysen
675 1095 718 1145 (I,
743 1093 913 1145 268).45)
972 1095 1098 1144 Quare
1121 1095 1220 1146 quod
1242 1096 1464 1146 saepissime
1487 1092 1668 1146 (maxime

175 1171 213 1209 in
253 1170 470 1220 Equitibus,
509 1172 562 1209 44
602 1160 847 1222 ζόυρσοδέψτμ
888 1165 1151 1225 Παφλαγόνα,
1195 1169 1240 1208 cf.
1279 1169 1408 1208 Nubb.
1442 1170 1537 1217 572,
1576 1167 1666 1218 cet.)

150 1283 155 1286 ,
175 1243 407 1294 demagogus
439 1257 461 1283 a
491 1247 604 1294 poeta
624 1242 820 1294 Paphlago
845 1244 1075 1292 nominatur,
1107 1247 1208 1282 certe
1228 1256 1306 1282 non
1327 1243 1375 1282 ad
1396 1244 1479 1282 eius
1501 1243 1665 1293 patriam

174 1317 415 1357 referendum
446 1322 515 1366 est,
547 1317 612 1357 sed
644 1317 692 1356 ad
731 1318 810 1356 eius
842 1318 1087 1357 contionandi
1122 1318 1307 1356 rationem
1342 1315 1405 1368 (cf.
1437 1318 1524 1357 Pac.
1558 1316 1666 1365 314).

172 1391 398 1432 Rectissime
441 1405 520 1431 rem
566 1391 740 1443 exposuit
786 1391 1004 1441 Michaelis,
1045 1404 1131 1430 cum
1169 1389 1348 1441 dicat4⁷):
1395 1392 1581 1442 Persaepe
1619 1392 1667 1430 ab

173 1465 432 1516 Aristophane
468 1465 665 1517 Paphlago
701 1466 934 1504 nominatur.
1005 1466 1170 1504 Verbum
1216 1458 1439 1520 παφλάζειν
1479 1466 1670 1516 significat

174 1539 334 1579 ebullire
374 1553 460 1580 cum
496 1540 648 1579 fremitu
687 1546 724 1578 et
763 1540 808 1578 de
843 1540 927 1578 eius
959 1539 1180 1579 turbulento
1210 1540 1359 1580 dicendi
1389 1553 1528 1591 genere
1558 1553 1668 1578 usur-

174 1617 296 1664 patur.
355 1613 413 1653 Ex
442 1615 516 1654 hac
542 1614 660 1664 igitur
689 1613 963 1653 consuetudine
993 1614 1158 1663 dicendi,
1198 1619 1266 1653 aut
1301 1615 1391 1666 quia
1421 1615 1522 1653 servi
1553 1627 1668 1664 saepe

174 1687 441 1739 Paphlagones
472 1688 780 1738 nominabantur,
814 1687 931 1728 Cleon
954 1687 1148 1739 Paphlago
1169 1688 1445 1739 appellabatur,
1476 1701 1552 1726 non
1580 1689 1669 1739 quia

175 1774 221 1800 ex
247 1761 526 1812 Paphlagonia,
565 1766 606 1801 ut
642 1762 706 1802 alii
744 1762 890 1811 dicunt,
931 1763 1117 1812 originem
1155 1774 1264 1801 suam
1294 1762 1504 1811 deduxerit,
1545 1775 1668 1814 neque

175 1836 268 1887 quia
297 1835 606 1887 Paphlagonibus
636 1849 759 1875 rerum
792 1836 1122 1887 perturbatoribus
1155 1835 1375 1875 simillimus
1406 1836 1531 1875 fuerit.

260 1910 357 1949 Tum
396 1910 445 1949 de
483 1918 658 1962 tempore
697 1911 824 1950 obitus
862 1910 1017 1950 Cleonis
1055 1923 1196 1960 magna
1234 1915 1294 1950 est
1334 1911 1563 1962 scriptorum
1596 1911 1670 1950 dis-

176 1981 374 2033 sensio.⁴⁸)
436 1986 561 2036 Atque
599 1985 693 2024 satis
728 1990 880 2024 constat
915 1999 961 2025 ex
991 1985 1226 2037 Thucydide,
1266 1984 1446 2026 Cleonem
1477 1990 1666 2025 mortuum

118 2064 122 2067 ’
176 2071 260 2098 esse
290 2057 348 2098 01.
383 2060 448 2107 89,
481 2061 502 2097 3
535 2059 572 2098 in
604 2072 736 2111 pugna
765 2060 867 2111 apud
899 2060 1157 2112 Amphipolim
1188 2039 1393 2099 commissa
1422 2060 1486 2108 (cf.
1520 2057 1666 2112 supra).

243 2239 290 2283 ⁴⁶³)
314 2243 384 2273 Fuit
404 2243 498 2282 igitur
521 2244 656 2274 eiusdem
687 2245 830 2280 civitatis,
864 2246 948 2275 cuius
980 2248 1009 2274 ct
1039 2246 1103 2284 ipse
1134 2249 1238 2284 poeta.
1270 2246 1294 2275 si
1326 2246 1447 2285 quidem
1480 2255 1580 2276 verum
1614 2249 1667 2275 est.

176 2297 462 2362 qufflSeholiastae
485 2311 520 2331 ex
538 2302 720 2338 didascalus,
747 2307 779 2332 ut
803 2303 931 2338 videtur,
959 2303 1202 2342 Cydathenaeum
1223 2303 1309 2333 illum
1327 2314 1361 2333 ex
1380 2304 1564 2333 Pandionido
1589 2304 1668 2333 tribu

175 2358 270 2389 fuisse
293 2361 481 2398 acceperunt.
523 2358 610 2396 Quod
631 2359 826 2398 comprobant
849 2370 925 2400 quae
949 2361 1142 2390 inveniuntur
1166 2361 1196 2390 iu
1214 2361 1425 2400 Aristophanis
1452 2362 1510 2390 w‘ta
1535 2361 1571 2390 ab
1591 2361 1667 2390 Aldo

175 2416 306 2455 primum
335 2415 501 2454 descripta:
537 2409 771 2457 Ἀριστοφάνης
805 2411 820 2445 ὁ
848 2413 1088 2458 κωμῳδοποιὸς
1117 2413 1239 2458 πατρὸς
1266 2413 1322 2458 μὲν
1354 2409 1391 2455 ἦν
1418 2413 1596 2448 (ἰηλζππου,
1631 2415 1667 2446 τὸ

177 2467 212 2502 δὲ
235 2467 327 2513 γένος
351 2465 541 2513 Ἀθηναῖος,
572 2470 636 2502 τῶν
662 2469 775 2514 δήμων
802 2468 1059 2515 Κυδαθηναιεύς,
1092 2470 1298 2509 Πανδιονίδος
1326 2469 1436 2515 φυλῆς.
1486 2475 1530 2505 De
1555 2485 1613 2514 qua
1638 2486 1668 2504 re

176 2533 267 2570 atque
290 2529 328 2560 de
351 2529 523 2568 suspicione
546 2532 720 2570 peregrinae
743 2536 849 2571 poetae
874 2533 997 2570 originis
1021 2531 1060 2562 cf.
1078 2525 1182 2562 R'anke
1207 2536 1366 2562 comment.
1381 2533 1417 2561 de
1437 2533 1494 2562 vita
1513 2533 1664 2571 Aristoph.

177 2590 247 2618 ante
272 2587 361 2621 Mein.
380 2587 451 2617 edit.
470 2597 519 2626 pg.
538 2587 578 2617 lx
603 2591 632 2617 et
655 2588 719 2618 XII.

244 2640 292 2684 4⁷)
315 2643 480 2679 Michaelis,
505 2644 543 2674 de
568 2645 738 2684 demagogis
762 2645 991 2676 Atheniensium
1015 2650 1071 2676 cet.
1098 2646 1224 2677 Dissett.
1243 2646 1424 2684 Regimontii
1449 2647 1546 2676 Pruss.
1571 2646 1666 2681 1840,

179 2697 227 2738 8⁰,
252 2710 304 2741 pg.
322 2702 374 2732 19.

247 2753 294 2798 ⁴⁸3)
319 2757 360 2789 cf.
375 2757 527 2789 Hermann
550 2758 590 2789 ad
605 2759 708 2790 Schol.
726 2760 816 2790 Arist.
833 2759 932 2789 Nubb.
952 2761 1027 2795 545,
1054 2760 1173 2790 Clinton
1191 2760 1258 2790 fast.
1276 2759 1391 2790 Hellen.
1418 2769 1465 2798 pg.
1486 2760 1525 2789 74
1544 2759 1664 2797 Kruger.

177 2814 326 2852 Wieland,
350 2814 473 2853 Uebers,
491 2815 520 2846 d.
537 2815 612 2849 Ach.
632 2826 658 2849 u.
680 2816 818 2851 Wolkeu,
844 2817 931 2847 Wien
960 2817 1055 2847 1813.
1082 2826 1130 2856 pg.
1154 2819 1226 2847 113.
