1989 3216
913 186 1185 227 -30-

309 307 495 355 &moesto
528 312 674 370 μένειν,
715 311 828 359 εὐθὺς
865 311 1020 369 φεύγων
1057 311 1123 352 καὶ
1161 309 1434 367 καταληφθεὶς
1465 310 1538 351 ὑπὸ
1569 309 1784 366 Μυρκινίου

306 391 533 429 πελταστοῦ
567 386 821 435 ἀποθνήσκει,
854 388 888 425 οἱ
910 378 953 424 δὲ
985 386 1106 425 αὐτοῦ
1138 379 1420 441 Ξυστραφέντες
1451 386 1609 425 ὁπλῖται
1635 384 1698 425 ἐπὶ
1718 384 1786 425 τὸν

307 463 429 518 λόφον
465 462 533 502 τόν
565 475 608 501 τε
641 452 866 513 Κλεαρίδαν
903 459 1098 514 ἠμύνοντο
1139 461 1221 500 κτὲ.
1280 461 1424 510 Fugam
1462 461 1578 510 igitur
1611 462 1787 511 petivisse

308 538 486 577 Cleonem
525 538 578 576 ait
608 537 869 588 Thucydides,
909 537 1024 574 verbo
1063 536 1214 587 quidem
1253 536 1455 573 inhonesto
1494 531 1649 589 φεύγων
1681 547 1785 584 usus,

307 612 373 650 sed
406 613 486 662 ipse
517 612 596 650 eius
628 612 701 649 vim
733 611 920 657 minuens,
952 623 1036 648 cum
1067 610 1200 648 addat:
1242 610 1292 654 ὡς
1321 606 1367 646 τὸ
1398 612 1556 662 πρῶτον
1587 608 1631 646 οὐ
1663 601 1786 648 διενο-

308 692 388 724 εῖτο
427 683 564 734 μένειν.
640 684 772 735 Neque
810 697 917 731 vero,
958 683 1058 734 quod
1098 683 1175 722 fere
1214 695 1345 721 omnes
1385 686 1632 733 putaverunt,
1670 681 1788 723 Cleon

305 762 439 811 ignave
472 760 575 800 solus
605 759 788 809 fuga-ese
821 757 944 805 dedit,
983 757 1047 795 sed
1078 770 1162 796 cum
1194 761 1301 808 parte
1338 755 1499 795 militum
1531 758 1568 796 in
1599 757 1785 796 tumulum

308 836 498 886 quendam
530 848 569 873 se
598 835 765 883 recipere
797 833 1023 880 conabatur,
1063 843 1137 882 quo
1169 833 1206 869 in
1236 834 1389 881 receptu
1420 843 1504 870 cum
1536 831 1583 869 ab
1613 831 1787 870 hostibus

308 909 509 960 peteretur,
541 921 633 946 casu
664 907 829 958 quodam
860 906 1005 944 cecidit.
1069 905 1179 954 Quod
1209 918 1294 943 cum
1326 918 1391 956 per
1421 917 1460 943 se
1490 904 1693 943 verisimile
1724 905 1788 949 sit,

311 985 425 1022 etiam
458 995 642 1034 apparere
664 982 757 1020 mihi
778 981 928 1020 videtur
957 993 1001 1018 ex
1027 980 1121 1030 ipsis
1143 979 1375 1031 Thucydidis
1395 978 1532 1026 verbis,
1563 991 1647 1017 cum
1669 979 1788 1028 dicat:

308 1058 342 1095 οἱ
374 1049 416 1094 δὲ
449 1057 570 1094 αὐτοῦ
602 1048 886 1110 ξυστραφέντες
918 1053 1077 1091 ὁπλῖται
1109 1051 1170 1091 ἐπὶ
1206 1052 1273 1091 τὸν
1304 1051 1445 1106 λόφον,
1487 1065 1575 1091 nam
1605 1053 1677 1091 hoc
1707 1052 1789 1092 loco

307 1123 590 1184 Ξυστραφέντες
621 1130 764 1168 indicat
795 1129 908 1168 simul
940 1142 1024 1167 cum
1057 1141 1100 1167 eo
1132 1141 1172 1166 se
1202 1131 1406 1176 vertentes,
1443 1139 1672 1178 quamquam
1704 1139 1790 1165 con-

307 1205 516 1243 cedendum
557 1209 633 1253 est,
673 1205 830 1243 verbum
874 1203 1098 1254 plerumque
1137 1201 1308 1240 confecto
1346 1200 1496 1250 agmine
1535 1201 1790 1250 ingredientes

307 1279 486 1318 indicare.
546 1278 725 1326 Accedit,
764 1278 864 1329 quod
896 1277 1067 1325 additur,
1107 1288 1181 1326 quo
1212 1288 1252 1314 se
1285 1275 1487 1325 verterint,
1521 1276 1559 1314 in
1589 1275 1790 1315 tumulum.

307 1353 456 1391 Primus
501 1353 541 1391 in
587 1353 660 1391 hac
705 1365 744 1391 re
788 1352 911 1390 haesit
950 1350 1175 1390 Scholiasta.
1238 1349 1339 1388 Haec
1375 1349 1492 1388 habet
1531 1347 1596 1401 (cf.
1625 1350 1790 1402 Poppo):

308 1424 421 1471 εὐθὺς
453 1423 626 1481 φεύγωνι
663 1421 918 1479 ἣἈπορεῖται,
952 1426 982 1463 εἰ
1019 1421 1134 1480 μόνος
1166 1421 1354 1478 ἔφευγε“;
1401 1419 1674 1462 ΔΟΥΚΑΣ.
1737 1425 1793 1464 Ita

308 1514 398 1540 sane
419 1501 570 1539 videtur
591 1501 761 1551 Popponi
782 1504 933 1551 propter
954 1500 1137 1550 proxima,
1170 1498 1332 1537 conferri
1352 1499 1459 1538 iubet
1479 1498 1792 1547 Bloomfieldium,

306 1576 511 1614 falsissime
555 1576 670 1624 igitur
707 1575 914 1613 Diodorum
958 1573 1121 1612 tradere.
1197 1573 1350 1612 Minime
1393 1585 1496 1612 vero.
1570 1573 1794 1613 Rectissime

310 1650 494 1688 Diodorus
527 1645 611 1699 (12,
646 1646 711 1698 75)
743 1661 819 1687 non
847 1648 974 1696 habet,
1007 1648 1107 1699 quod
1137 1647 1316 1687 Cleonem
1349 1650 1505 1697 propter
1534 1646 1724 1696 ignaviam
1755 1647 1793 1685 in

307 1724 378 1762 hac
408 1736 534 1773 pugna
570 1723 835 1773 reprehendat.
896 1722 1014 1760 Immo
1053 1720 1243 1760 collaudat
1281 1726 1318 1759 et
1348 1721 1533 1760 Brasidae
1570 1725 1607 1760 et
1640 1721 1794 1761 Cleonis

308 1798 502 1836 virtutem:
550 1794 595 1833 τὸ
630 1794 699 1852 μὲν
729 1800 886 1850 πρῶτον
923 1793 1124 1851 ἰσόρροπος
1154 1789 1200 1839 ἦν
1230 1795 1254 1838 ἠ
1288 1791 1415 1849 μάχη,
1456 1791 1559 1850 μετὰ
1590 1785 1634 1833 δὲ
1664 1798 1795 1833 ταῦτα

307 1869 397 1924 παρ’
431 1867 630 1923 ἑκατέροις
667 1874 747 1908 τῶν
785 1867 991 1925 ’ἡγεμόνων
1032 1867 1372 1924 φιλοτιμουμένων
1411 1860 1458 1907 δι’
1487 1869 1639 1907 ἑαυτῶν
1669 1873 1794 1924 κρῖναι

308 1943 380 1988 τήν
412 1942 562 2000 μάχην,
605 1941 744 1994 συνέβη
776 1957 813 1982 κ.
835 1957 871 1981 τ.
896 1943 931 1982 λ.
966 1947 1003 1981 et
1031 1943 1144 1982 infra:
1186 1944 1205 1981 ὁ
1238 1939 1308 1995 μὲν
1339 1934 1533 1997 Βρασίδας
1566 1939 1795 1994 ἀριστεύσας

311 2017 377 2056 καὶ
416 2017 625 2063 πλείστους
663 2014 813 2055 ἀνελὼν
853 2018 1030 2069 ἡρωικῶς
1063 2010 1306 2069 κατέστρεψε
1336 2014 1405 2054 τὸν
1437 2014 1538 2067 βίον,
1577 2014 1720 2071 ὁμοίως
1752 2008 1796 2053 δὲ

309 2091 376 2130 καὶ
408 2096 477 2130 τοῦ
504 2089 685 2137 Κλέωνος
708 2090 746 2130 ἐν
767 2095 818 2143 τῇ
842 2087 949 2145 μάχη
981 2087 1179 2137 πεσόντος.
1232 2089 1360 2142 Atque
1382 2090 1640 2143 Thucydidem
1670 2091 1793 2141 ipsum

311 2167 473 2205 vidimus
505 2179 581 2204 non
611 2167 803 2215 ignaviam
835 2165 967 2205 Cleoni
997 2166 1035 2203 in
1067 2171 1221 2217 receptu
1251 2166 1425 2214 obiicere,
1462 2165 1529 2203 sed
1559 2167 1708 2204 tantum
1739 2175 1796 2202 ar-

310 2241 525 2289 rogantiam
557 2240 638 2278 eius
671 2241 861 2290 vituperat
891 2240 929 2278 in
960 2239 1204 2289 suscipienda
1234 2239 1483 2290 expeditione.
1508 2260 1560 2265 —
1589 2238 1644 2277 De
1676 2243 1797 2278 morte

311 2314 462 2354 Cleonis
495 2316 532 2351 et
562 2314 746 2352 Brasidae
776 2313 887 2352 aliter
917 2313 1049 2352 scribit
1080 2313 1294 2353 Scholiasta
1324 2313 1373 2353 ad
1402 2315 1467 2351 Ar.
1491 2312 1577 2352 Pac.
1604 2314 1682 2352 283
1718 2307 1796 2361 (Ἐν

311 2384 533 2442 Ἀμφιπόλει
570 2384 644 2442 γάρ
685 2391 754 2432 τῆς
792 2384 1341 2441 Θρᾴκηςμονομαχήσαντες
1381 2383 1448 2424 ὅτε
1487 2382 1630 2424 Κλέων
1669 2383 1737 2423 καὶ
1776 2384 1796 2422 ὁ

314 2451 506 2515 Βρασίδας
537 2458 735 2506 ἀλλήλους
766 2458 966 2510 ἀνεῖλον),
999 2461 1064 2498 sed
1095 2460 1202 2499 illum
1229 2459 1479 2502 Scholiastam
1512 2464 1549 2500 et
1579 2460 1673 2500 alibi
1702 2455 1797 2498 mul-

310 2541 387 2575 tam
427 2536 682 2585 ignorantiam
720 2535 877 2585 prodere
916 2535 993 2572 iam
1034 2534 1130 2573 vidit
1165 2534 1391 2574 Palmerius.
1454 2533 1569 2574 Ortus
1606 2537 1664 2573 est
1693 2545 1798 2572 error

312 2623 356 2649 ex
385 2610 482 2648 falsa
512 2610 825 2660 interpretatione
855 2608 1123 2658 Aristophanis
1154 2609 1356 2648 verborum
1393 2606 1607 2663 χρήσαντες
1637 2603 1795 2660 ἑτέροις.

398 2684 534 2722 Restat
563 2695 660 2721 uuus
691 2682 797 2721 locus
828 2682 1074 2734 Thucydidis,
1115 2683 1179 2721 ubi
1210 2683 1256 2721 de
1287 2681 1428 2720 Cleone
1464 2681 1645 2720 iudicium
1676 2681 1797 2720 affert.

315 2759 441 2808 Atque
477 2758 562 2796 libr.
596 2757 639 2806 V,
672 2770 728 2807 cp.
766 2757 814 2795 16
855 2757 951 2795 haec
988 2756 1137 2795 scribit:
1182 2752 1318 2794 Κλέων
1355 2753 1530 2810 μάλιστα
1566 2754 1797 2797 ’ἠναντιοῦτο
