2022 3282
734 217 1010 258 -13—

129 345 309 386 Cleonem
340 349 521 396 spectent.
581 345 763 383 Nominat
802 357 887 382 eum
925 344 964 381 in
1004 348 1230 382 transcursu
1262 342 1354 392 (581
1390 343 1492 394 sqq.)
1525 342 1590 397 ,305

129 410 298 471 σοδέψην
321 415 584 474 Παφλαγόνα,
616 423 695 457 tum
728 418 774 456 de
806 418 888 456 eius
921 417 1075 455 militari
1096 417 1254 467 imperio
1276 416 1463 467 quaedam
1486 418 1614 455 iocose

128 493 234 532 addit
270 493 518 542 hortaturque
554 494 676 539 cives,
724 497 762 530 ut
799 491 900 529 illius
938 491 1237 529 dominationem
1277 491 1374 529 ferre
1421 491 1612 539 desinant,

129 566 230 605 591:
266 563 435 604 Κλέωνα
467 565 534 603 τὸν
563 563 695 619 λάρον,
729 557 863 615 δώρων
891 562 1046 609 ἑλόντες
1067 563 1132 602 καὶ
1163 564 1324 609 κλοπ-ῆς.
1375 564 1480 613 Quin
1501 566 1614 603 etiam

127 641 210 690 ipse
241 641 453 690 profitetur,
485 653 527 678 se
558 639 691 679 Cleoni
720 639 952 689 pepercisse,
985 651 1068 677 cum
1099 638 1200 677 dicat
1232 652 1291 676 vv.
1325 641 1402 677 549
1438 651 1516 690 sq.:

293 711 334 758 ὅς
364 710 549 768 υυέμστον
581 710 677 750 ὄντα
710 708 859 750 Κλέων
892 735 922 750 ε
912 710 1019 750 τικσ’
1050 713 1102 757 εἰς
1133 710 1205 754 ‘ska
1235 724 1382 765 ,accep
1366 725 1425 757 α,

290 786 390 825 κοόκ
421 783 610 840 ἑτολμησ’
642 779 753 831 αὖθις
784 776 1030 840 .-u-tono
1064 785 1173 834 αᾶτῷ
1206 798 1316 838 κειμε
1300 783 1385 836 ζνῳ.

129 860 251 900 Simili
280 861 390 900 modo
419 862 534 899 etiam
554 862 594 899 in
615 860 737 899 altera
768 860 963 899 comoedia
986 859 1139 899 Cleonis
1161 873 1300 899 nomen
1321 861 1446 899 obiter
1466 865 1614 899 tantum

127 936 296 985 tetigisse
318 935 477 974 videtur.
529 935 622 973 Dico
652 935 744 973 illud
766 935 915 982 drama,
945 935 1043 986 quod
1066 935 1292 984 inscriptum
1323 939 1381 973 est
1402 925 1613 983 Ὀλκάδες,

127 1009 280 1048 doctum
312 1008 370 1048 Ol.
401 1010 472 1057 89,
517 1012 532 1046 l
566 1007 749 1056 Lenaeis,
791 1009 928 1047 eodem
969 1020 1088 1056 anno,
1130 1020 1204 1058 quo
1242 1004 1441 1058 Nubes.²3)
1503 1007 1614 1056 Quod

128 1083 262 1122 drama
291 1086 455 1121 aetatem
486 1095 561 1121 non
591 1083 691 1131 tulit,
723 1087 927 1133 supersunt
958 1095 1079 1132 pauca
1108 1082 1332 1131 fragmenta.
1388 1082 1444 1120 Ex
1474 1083 1614 1133 quibus

128 1158 175 1196 ad
207 1157 384 1197 Cleonem
416 1160 565 1207 spectat
594 1156 849 1206 fragmentum
881 1155 934 1194 XI
965 1152 1045 1207 (pg.
1074 1156 1215 1198 1120l:

374 1220 526 1286 Ἀδαχεῖ
553 1228 628 1286 γὰρ
660 1228 781 1268 αὐτὸν
813 1229 881 1268 τὸν
914 1226 1022 1284 ἔρρ’
1055 1227 1210 1285 ἐκλέγει
1241 1232 1277 1267 τ’
1310 1228 1370 1267 ἀεὶ

377 1304 421 1342 ἐκ
451 1309 522 1342 τοῦ
554 1302 705 1358 γενείου
736 1301 806 1349 τὰς
837 1301 989 1349 πολιάς.

131 1378 193 1429 (cf.
214 1378 346 1425 Mein.)
368 1379 416 1416 de
437 1378 590 1418 Cleonis
621 1378 816 1417 blanditiis
844 1379 882 1416 in
908 1378 1091 1428 populum
1112 1378 1402 1426 Atheniensem,
1434 1383 1617 1428 tanquam

131 1465 260 1492 senem
306 1452 481 1491 hebetem
528 1457 565 1491 et
608 1452 785 1491 obtusum
832 1450 895 1494 (cf.
935 1451 1030 1503 Equ.
1069 1450 1179 1500 908).
1247 1452 1344 1490 Tum
1381 1452 1459 1502 (pg.
1496 1450 1620 1502 1196)

131 1539 265 1566 versus
294 1526 378 1565 ille:

414 1593 554 1654 ”Ωμ·ην
585 1590 620 1637 δ’
651 1597 730 1655 ἐγὼ
761 1599 830 1637 τὸν
859 1596 1119 1654 Κυκλοβόρου
1151 1597 1331 1638 καθιέναι

131 1675 191 1724 (cf.
224 1673 351 1713 Schol.
383 1674 479 1726 Equ.
519 1674 612 1722 137)
651 1675 697 1712 ad
732 1674 885 1714 Cleonis
925 1674 1234 1713 vociferationem
1273 1674 1494 1713 referendus
1532 1687 1616 1713 esse

131 1749 281 1788 videtur
310 1753 424 1799 atque
452 1748 618 1787 fortasse
647 1749 709 1787 hic
740 1761 870 1787 versus
901 1748 948 1786 ad
979 1747 1167 1786 Holcades
1197 1750 1373 1799 pertinet.
1411 1770 1457 1776 —
1492 1749 1618 1787 Pauca

129 1823 223 1862 haec
253 1827 343 1861 sunt
370 1835 495 1873 neque
526 1823 687 1861 multum
717 1824 759 1861 in
787 1824 836 1862 iis
867 1824 967 1861 inest
998 1823 1210 1861 vexationis
1241 1823 1281 1861 in
1313 1823 1505 1863 Cleonem.
1564 1822 1618 1861 Eo

130 1897 255 1947 magis
294 1896 424 1936 dedita
466 1909 580 1947 opera
616 1898 655 1935 in
692 1897 830 1948 Vespis
874 1909 958 1935 eum
1005 1909 1210 1946 aggressus
1255 1902 1334 1946 est,
1380 1898 1481 1948 quod
1518 1897 1618 1936 infra

130 1971 288 2010 uberius
317 1970 546 2009 videbimus
608 1970 734 2020 Quare
757 1976 858 2010 recte
879 1971 925 2010 de
947 1984 989 2010 se
1010 1971 1124 2009 dixit:
1160 1965 1210 2008 Εἴ
1198 1983 1263 2008 τοι
1284 1974 1349 2008 νῦν
1371 1962 1524 2015 &Emi-ai.
1527 1984 1597 2013 ms
1600 1985 1618 2008 ν

132 2046 157 2088 τ’,-
193 2036 322 2099 χάραξ
353 2057 425 2088 ττν
464 2040 655 2099 ἄμπελον.
716 2045 905 2093 Fuerunt,
943 2045 1009 2096 qui
1047 2050 1201 2083 auctore
1238 2044 1514 2093 Grammatico,
1555 2046 1618 2096 qui

131 2118 178 2158 de
207 2119 285 2157 vita
305 2119 576 2169 Aristophanis
606 2120 771 2170 scripsit,
804 2132 939 2157 versus
970 2119 1057 2158 illos
1085 2117 1216 2169 (Vesp.
1244 2120 1539 2167 1284—1291>
1571 2120 1619 2158 ad

129 2193 171 2231 id
213 2197 363 2244 tempus
405 2192 626 2232 referendos
663 2206 746 2232 esse
783 2198 973 2243 putarent,
1018 2194 1120 2244 quod
1163 2194 1335 2244 proxime
1383 2193 1618 2245 Babylonios

133 2278 224 2306 secu
342 2270 410 2305 est.
480 2265 556 2306 Sed
594 2267 847 2318 biographum
884 2280 1011 2306 errare
1049 2268 1144 2306 satis
1182 2267 1458 2306 demonstravit
1494 2267 1619 2317 Bergk

132 2337 255 2392 (apn
291 2341 402 2379 Mein.
431 2340 481 2390 Π,
522 2342 559 2390 2,
580 2354 659 2392 ‚pg.
690 2343 770 2380 936
801 2339 901 2392 sqq.)
976 2341 1172 2392 Apparere
1217 2342 1368 2380 videtur
1411 2342 1499 2380 huic
1538 2343 1618 2380 viro

132 2415 226 2453 satis
253 2413 400 2465 liquido
435 2427 481 2453 ex
508 2415 576 2454 illo
612 2415 714 2464 loco,
752 2414 932 2455 Cleonem
971 2419 1058 2466 post
1088 2415 1270 2466 Equitum
1309 2416 1618 2454 commissionem

132 2489 245 2528 tertio
275 2491 426 2539 poetam
454 2488 496 2527 111
525 2489 706 2528 indicium
726 2490 933 2529 vocavisse.
958 2510 1004 2515 —-
1031 2488 1193 2533 Constat
1219 2489 1347 2539 igitur,
1380 2494 1529 2540 poetam
1560 2494 1620 2528 ter

134 2575 158 2602 a
176 2561 319 2621 Cleone
347 2563 389 2600 in
417 2563 476 2601 ius
498 2567 670 2602 vocatum
701 2576 800 2610 esse,
831 2568 944 2614 atque
965 2563 1119 2602 omnino
1147 2575 1342 2614 nunqnam
1365 2563 1619 2613 demagogum

133 2635 190 2675 illi
217 2637 413 2687 ignovisse
443 2636 553 2675 valde
574 2636 783 2676 verisimile
813 2642 881 2676 est.
934 2637 1060 2686 Quare
1080 2638 1142 2676 vix
1170 2637 1371 2687 quisquam
1401 2638 1615 2685 mirabitur,

201 2792 248 2838 23)
273 2797 311 2827 cf.
338 2797 427 2827 Mein.
446 2797 542 2835 Frgm.
561 2807 636 2827 com.
656 2797 705 2827 Gr.
732 2797 768 2832 Π,
796 2798 824 2831 2,
855 2799 950 2827 1116.
