2022 3282
775 273 827 277 Μ
886 246 937 287 41
1003 271 1047 275 ,,

168 374 326 412 voluerit
367 380 403 411 et
443 387 480 411 re
520 386 606 412 vera
643 374 755 411 dicat.
816 373 1042 410 Rectissime
1080 372 1256 417 adnotat,
1296 372 1503 409 mercedem
1545 371 1651 408 illam

164 447 330 485 iudicum
362 460 383 485 a
415 446 557 485 Cleone
587 450 735 485 auctam
767 459 861 483 esse.
923 446 1096 495 Namque
1134 443 1344 482 mercedem
1384 445 1571 482 contionis
1603 445 1650 482 ab

165 520 366 572 Agyrrhi0‚
414 533 489 558 non
528 533 549 558 a
590 519 731 558 Cleone
768 522 918 556 auctam
958 530 1040 556 esse
1085 530 1200 568 supra
1238 517 1540 555 demonstratum
1581 523 1649 556 est.

163 593 325 632 Tantum
357 597 459 633 errat
489 595 524 631 in
557 593 693 631 verbis.
754 592 865 630 Initio
896 592 1106 629 rectissime
1133 591 1179 629 de
1212 591 1360 629 iudiciis
1382 591 1474 630 dicit
1504 584 1650 638 (οὐδεὶς

165 660 373 717 ἐδίκαζεν),
414 671 561 718 postea,
599 666 698 717 quod
739 678 813 703 uon
852 678 938 703 raro
977 665 1148 703 accidere
1188 664 1298 703 facile
1331 665 1482 703 ostendi
1514 669 1649 715 potest,

162 742 361 791 ignorans,
402 741 543 779 iudices
580 744 617 778 et
656 740 922 778 contionantes
961 743 1136 777 accurate
1174 738 1338 788 disiungi
1385 739 1535 786 debere,
1583 752 1651 789 pro

160 815 326 861 iudicum
357 814 510 853 nomine
541 815 806 853 contionantes
837 813 999 863 scripsit,
1032 813 1103 850 nisi
1134 812 1231 851 forte
1260 813 1383 864 potius
1415 826 1482 863 pro
1505 811 1648 854 ἐκκλη-

162 885 322 933 σιαστοὶς
359 888 561 927 emendare
598 888 772 926 volumus
809 884 1014 931 ἠλιοιστάς.
1057 908 1110 912 —
1149 886 1283 926 Restat
1321 891 1497 938 quartum
1539 899 1649 936 argu-

160 966 341 1001 mentum.
403 961 529 1014 Atque
559 975 604 1001 ex
634 962 759 1001 Nubb.
796 963 872 1000 861
903 973 1012 1011 sqq:

905 1032 1018 1089 κάγώ
1050 1032 1113 1072 τοί
1143 1046 1243 1072 ποτε

456 1100 541 1159 οἷδ’,
573 1101 696 1155 ἑξέτει
728 1121 787 1147 σοι
818 1107 1073 1163 τραυλίσαντι
1102 1105 1330 1162 πιθόμενος,

459 1180 500 1222 ὃν
530 1186 686 1237 πρῶτον
718 1179 860 1234 ὀβολὸν
891 1181 1034 1234 ἔλαβον
1064 1179 1308 1232 ἡλιαστικόν,

149 1296 153 1299 ,
455 1254 600 1295 τούτου
632 1253 813 1311 ’πριάμην
847 1268 906 1294 σοι
938 1247 1104 1302 &unccione
1135 1247 1325 1311 ἁμαξίδα.

157 1332 340 1383 sequitur,
370 1332 598 1383 Phidippide
627 1331 832 1370 admodum
864 1343 980 1382 puero
1010 1328 1127 1369 unum
1151 1330 1270 1370 fuisse
1298 1330 1451 1370 obolum
1474 1327 1648 1370 'heliasti-

156 1419 253 1445 cum.
316 1405 460 1455 Quodsi
492 1405 739 1456 Phidippides
770 1405 870 1444 circa
900 1404 957 1444 Ol.
992 1406 1057 1454 89,
1086 1407 1102 1443 l
1131 1403 1261 1454 (423),
1293 1418 1369 1456 quo
1397 1418 1497 1444 anno
1521 1405 1648 1444 Nubes

155 1479 289 1519 doctae
320 1484 423 1529 sunt,
453 1480 604 1519 iuvenis
636 1482 718 1518 erat
745 1479 896 1518 circiter
923 1479 1057 1529 viginti
1089 1491 1275 1518 annorum
1299 1479 1360 1529 (cf.
1383 1480 1465 1518 init.
1488 1478 1647 1529 Nubb.),

156 1557 244 1592 ante
274 1554 577 1605 quattuordecim
610 1553 669 1593 vel
699 1553 860 1592 sedecim
894 1566 1027 1602 annOS,
1059 1553 1159 1592 circa
1190 1553 1248 1592 Ol.
1274 1556 1324 1592 85
1349 1550 1468 1606 (440)
1499 1553 1645 1592 iudices

154 1640 272 1666 unum
310 1627 464 1667 obolum
502 1629 698 1680 accepisse
737 1631 897 1666 constat.
967 1625 1042 1666 Sed
1080 1628 1155 1666 iam
1196 1631 1308 1666 antea
1346 1627 1498 1666 obolum
1537 1627 1647 1666 illum

154 1705 328 1753 coeptum
359 1714 444 1742 esse
473 1702 568 1752 dari,
602 1703 761 1742 fortasse
790 1703 867 1741 iam
889 1714 933 1741 eo
956 1706 1140 1752 tempore,
1173 1714 1248 1753 quo
1268 1702 1434 1741 Pericles
1455 1702 1645 1752 Areopagi

153 1763 378 1815 auctoritate
422 1777 567 1815 minuta
610 1776 780 1816 iudicum
819 1780 922 1815 sorte
968 1775 1174 1815 electorum
1216 1780 1441 1827 potestatem
1485 1776 1644 1824 auxerit,

152 1853 254 1888 recte
283 1851 497 1902 suspicatus
527 1854 586 1890 est
614 1850 746 1890 Bockh
778 1847 835 1903 (1,
870 1845 981 1902 329).

239 1919 429 1972 Quattuor
457 1924 524 1964 illa
555 1929 779 1975 argumenta
808 1925 1003 1964 infirmare
1034 1924 1164 1963 studet
1184 1923 1395 1975 Hermann,
1428 1936 1513 1962 cum
1544 1923 1647 1962 dicat

153 1997 192 2035 in
223 1997 458 2048 praefatione
488 1999 534 2038 ad
557 1999 699 2048 Nubes,
731 1999 897 2050 primum
929 2002 967 2038 et
996 1999 1150 2037 tertium
1180 1998 1227 2037 de
1247 1998 1440 2038 contionis
1471 1997 1645 2036 mercede

153 2084 236 2110 esse
285 2073 590 2124 interpretanda,
642 2077 777 2125 quarto
827 2073 923 2112 nihil
972 2073 1209 2112 auctoritatis
1254 2072 1500 2111 tribuendum
1545 2085 1642 2122 esse,

150 2157 315 2197 namque
354 2147 518 2198 primum
557 2147 664 2186 illum
697 2146 929 2198 Strepsiadis
968 2147 1121 2186 obolum
1160 2147 1400 2186 heliasticum
1440 2160 1558 2186 unum
1597 2160 1642 2186 ex

150 2219 273 2259 tribus
301 2220 421 2260 fuisse
451 2233 578 2272 posse,
612 2223 821 2261 secundum
853 2227 1119 2273 argumentum
1150 2223 1355 2262 admodum
1387 2223 1512 2262 debile
1544 2237 1641 2273 esse,

149 2307 201 2346 qu
268 2307 381 2346 quam
413 2301 450 2334 et
479 2296 563 2347 ipse
588 2297 772 2347 concedit,
804 2297 894 2336 inde
915 2299 1052 2338 coniici
1081 2311 1206 2350 posse,
1239 2300 1408 2338 variasse
1431 2299 1640 2338 mercedem

147 2368 330 2408 iudcum.
389 2369 650 2421 Neque-vero
688 2371 781 2410 mihi
819 2373 1019 2422 persuasit.
1088 2374 1211 2413 Nimis
1253 2371 1374 2413 multa
1408 2380 1496 2413 sunt
1526 2388 1640 2425 argu-

148 2447 276 2483 menta
304 2444 359 2482 rei
388 2456 456 2494 per
486 2458 525 2483 se
559 2445 667 2485 valde
697 2446 909 2497 probabilis
940 2451 977 2486 et
1007 2449 1236 2488 verisimilis.
1306 2449 1433 2498 Quare
1464 2449 1640 2501 equidem

148 2530 216 2568 pro
246 2522 349 2556 certo
380 2518 598 2558 habendum
628 2533 711 2560 esse
741 2526 846 2572 puto,
887 2534 961 2560 non
1002 2524 1118 2564 alium
1149 2537 1264 2575 quam
1296 2523 1478 2563 Cleonem
1510 2525 1639 2573 fuisse,

148 2604 223 2643 quo
253 2597 407 2636 auctore
438 2605 506 2643 pro
536 2605 612 2632 uno
642 2594 754 2633 obolo
783 2599 861 2634 tres
892 2599 1019 2649 coepti
1052 2599 1127 2636 sint
1158 2598 1240 2637 dari
1270 2599 1475 2637 iudicibus.

233 2666 415 2718 Sequitur
445 2666 518 2706 alia
550 2668 723 2718 quaestio
755 2669 801 2707 de
833 2669 986 2710 Cleonis
1017 2673 1255 2722 magistratu.
1307 2674 1433 2723 Atque
1466 2685 1511 2711 ex
1542 2671 1635 2722 Equ.

149 2738 229 2779 947
262 2753 340 2790 sq.:
382 2739 448 2778 καὶ
485 2744 551 2778 νῦν
588 2732 737 2788 ἀπόδος
774 2740 842 2780 τὸν
883 2734 1111 2794 δακτύλιον,
1149 2747 1201 2790 ὡς
1240 2745 1311 2784 οὐκ.
1349 2747 1406 2783 ἔτι
1447 2743 1532 2799 ἐμοὶ
1568 2758 1638 2782 Tz-

148 2811 315 2870 μιεύσεις
355 2819 532 2865 apparet,
579 2815 759 2855 Cleonem
800 2817 985 2857 fructibus
1025 2819 1186 2869 publicis
1225 2820 1480 2870 praepositum
1520 2820 1638 2858 fuisse
