2022 3282
775 198 1046 236 -17-

166 332 237 366 cet.
274 325 330 364 ¹0f.
363 325 480 364 Thuc.
506 325 566 373 VI,
601 324 683 373 35).
747 324 896 372 Cicero,
936 336 1018 361 cum
1053 322 1229 362 Cleonem
1262 322 1363 360 dicat
1393 320 1655 359 turbulentum

164 400 316 451 quidem
348 400 482 446 civem,
513 399 579 437 sed
600 402 726 437 tamen
749 397 1002 447 eloquentem,
1035 395 1266 447 Thucydidis
1289 395 1404 432 verba
1424 395 1462 432 in
1486 393 1654 443 linguam

165 473 323 512 latinam
355 473 467 524 quasi
500 472 657 511 vertisse
689 472 849 510 videtur.
873 493 926 497 —
955 469 1061 508 Multi
1090 470 1206 518 igitur
1237 473 1274 506 et
1306 468 1393 506 boni
1425 472 1539 506 testes
1570 479 1655 505 con-

166 547 356 596 sentiunt,
397 546 575 587 Cleonem
617 546 734 584 fuisse
767 545 888 583 virum
927 543 1302 594 eloquentissimum,
1343 553 1573 593 quamquam
1605 540 1650 578 lo·

165 621 305 672 quendi
333 633 439 659 more
470 632 544 658 non
575 619 670 658 adeo
702 619 809 657 suavi
838 619 1027 656 utebatur.
1081 618 1196 656 Recte
1218 616 1263 654 de
1286 616 1356 653 hac
1388 628 1427 653 re
1447 615 1658 666 disputavit

166 695 282 735 Grote
319 694 384 744 (3,
417 692 532 744 688):
579 693 656 732 Das
695 692 1107 742 Oeffentlichsprechen
1146 691 1213 728 des
1244 689 1364 728 Kleon
1405 689 1535 727 wurde
1573 701 1657 726 vom

166 768 393 808 Aristoteles
429 767 505 806 und
547 767 814 818 Theopompus
849 788 895 794 —
930 773 968 805 at
1006 766 1193 803 incertum
1231 776 1313 802 esse
1349 763 1533 809 vidimus,
1572 762 1658 814 quis

165 843 216 882 sit
269 848 400 882 auctor
455 842 657 881 verborum
707 840 835 880 Schol.
885 840 932 879 ad
982 839 1137 878 Lucian.
1188 838 1284 876 Tim.
1337 859 1388 864 -—
1439 837 1547 876 nicht
1601 835 1658 874 als

169 916 465 965 schmeichelnd,
505 917 669 956 sondern
708 916 764 954 als
800 927 874 954 von
910 915 1156 967 Anmassung
1194 913 1322 952 erfiillt
1358 911 1656 958 characterisirt3

166 991 205 1029 in
243 991 387 1030 diesem
429 990 612 1030 letzteren
649 990 800 1029 Punkte
841 989 939 1028 auch
977 989 1047 1026 wie
1088 987 1156 1026 das
1194 987 1261 1026 des
1298 986 1441 1025 alteren
1480 985 1575 1024 Cato
1614 998 1660 1023 zu

164 1064 260 1103 Rom
292 1064 404 1113 (Plut.
427 1065 522 1104 Cato
553 1077 615 1115 cp.
644 1065 720 1113 14).
772 1064 848 1103 Der
879 1062 1086 1113 spottische
1108 1061 1191 1100 Ton
1212 1061 1279 1100 des
1305 1061 1400 1101 Cato
1423 1060 1485 1098 bei
1515 1060 1658 1097 seinem

168 1138 412 1177 offentlichen
443 1138 643 1178 Auftreten
683 1137 754 1177 soll
785 1138 881 1177 auch
913 1137 1160 1188 impertinent
1195 1135 1272 1174 und
1313 1134 1448 1184 widi-ig
1485 1146 1659 1184 gewesen

168 1213 248 1269 sein
281 1213 398 1261 (Plut.
421 1213 514 1264 reip.
536 1226 615 1263 ger.
638 1225 761 1263 praec.
791 1225 852 1263 pg-
875 1213 970 1259 803,
1003 1224 1060 1261 cp.
1087 1210 1138 1256 7).

253 1287 460 1337 Pergamus
491 1288 529 1326 in
551 1287 754 1338 Equitibus
784 1285 1072 1338 perlustrandis.
1127 1283 1239 1333 Quod
1260 1297 1293 1321 v.
1320 1283 1398 1322 224
1420 1282 1513 1321 dicit
1536 1286 1660 1333 poeta,

169 1360 352 1400 Cleonem
382 1361 431 1400 ab
461 1362 565 1400 omni
596 1361 737 1412 populo
767 1362 906 1410 timeri,
946 1364 984 1399 et
1013 1372 1036 1398 a
1066 1359 1250 1398 divitibus
1288 1361 1326 1396 et
1355 1369 1377 1396 a
1415 1357 1661 1408 pauperibuS,

172 1435 300 1486 paullo
329 1439 416 1486 post
445 1436 547 1476 clare
579 1439 740 1475 testatur
772 1448 830 1474 VV.
855 1435 938 1474 230
969 1447 1072 1485 sqq.:

429 1507 496 1548 καὶ
527 1507 580 1565 ps).
613 1500 758 1548 δέδιθ’·
792 1509 836 1547 οὐ
867 1509 942 1563 γάρ
975 1506 1078 1546 ἐστιν
1111 1499 1390 1560 ἐξῃκασμένος.

428 1581 502 1622 ὑπὸ
533 1586 605 1622 τοῦ
637 1573 751 1628 δέους
780 1580 855 1639 γὰρ
890 1581 1011 1621 αὐτὸν
1044 1573 1170 1627 οὐδεὶς
1200 1579 1345 1625 ’ἤθελεν

427 1662 509 1697 τῶν
540 1661 782 1697 σκευοποιῶν
813 1657 990 1695 εἰκάσαι·
1021 1654 1180 1701 πάντως
1210 1668 1257 1711 γε
1289 1652 1365 1710 μὴν

429 1729 729 1788 γνωσθήσεται·
758 1729 806 1769 τὸ
837 1728 913 1786 γὰρ
946 1728 1114 1786 θέατρον
1147 1721 1287 1775 δεξιόν.

170 1807 325 1846 Poetam
358 1819 515 1846 necesse
545 1810 627 1845 erat
655 1806 726 1845 hos
757 1818 891 1844 versus
922 1806 1068 1854 dicere,
1108 1805 1274 1856 primum
1311 1807 1354 1842 ut
1384 1804 1527 1842 scirent
1556 1817 1663 1855 spec—

170 1886 313 1920 tatores
343 1877 405 1932 (τό
436 1877 643 1936 θέατρον),
674 1880 760 1931 quis
791 1883 893 1918 esset
922 1880 1057 1918 histrio
1089 1879 1217 1918 statim
1249 1880 1419 1927 intrans,
1457 1878 1593 1917 deinde
1623 1882 1666 1917 ut

170 1967 212 1993 se
249 1958 463 2002 excusaret,
503 1955 603 2006 quod
644 1953 708 1992 ille
746 1954 828 1992 sine
866 1965 1029 2004 persona
1066 1954 1286 2004 apparebat.
1365 1951 1553 1992 Obstabat
1594 1953 1665 1991 hoc

171 2029 439 2069 consuetudini
475 2027 590 2080 (Poll.
627 2030 672 2077 4,
715 2029 814 2067 143:
867 2024 920 2065 τοὶ
959 2024 1118 2082 κωμικὰ.
1155 2024 1343 2080 πρόςωπα
1382 2029 1454 2072 τῆς
1491 2026 1665 2072 παλαιοῖς

172 2092 385 2158 κωμῳδίας
411 2103 462 2148 ὡς
491 2099 539 2141 το
570 2099 673 2140 πολὺ
704 2106 786 2147 τοῖς
815 2098 1031 2154 προςώποις
1062 2094 1116 2138 ὧν
1148 2091 1389 2156 ἐκωμῴδουν
1411 2093 1664 2148 ἀπεικάζετο.

172 2176 256 2216 Ael.
277 2190 314 2216 V.
335 2177 372 2216 h.
398 2178 436 2227 2,
473 2179 543 2215 13:
577 2177 612 2214 οἱ
640 2173 866 2214 σκευοποιοὶ
899 2175 1076 2213 ἔπλασαν
1108 2172 1228 2213 αὐτὸν
1250 2171 1500 2228 (Σωκράτην)
1525 2176 1576 2221 ὡς
1604 2172 1665 2213 ὅτι

173 2247 374 2362 mileto-‘cot
405 2242 706 2300 ἐξεικάσοιντες).
767 2249 980 2288 Scholiasta
1018 2250 1065 2288 ad
1097 2248 1192 2300 Equ.
1227 2262 1257 2286 v.
1290 2250 1369 2287 230
1407 2249 1501 2289 haee
1531 2250 1662 2289 habet:

175 2324 231 2362 oo·
277 2319 379 2378 εἶχεν
417 2323 540 2362 αὐτοῦ
571 2328 811 2379 προςωπεῖον
849 2314 914 2361 διὰ
944 2321 991 2361 τὸ
1032 2313 1253 2361 δεδοικέναι
1290 2319 1381 2368 τοὺς
1413 2321 1668 2368 σκευοποιοὺς

175 2396 251 2436 καὶ·
281 2395 337 2452 μῆ
379 2394 508 2437 θέλειν
549 2395 652 2453 μήτε
691 2394 883 2435 πλάττειν
921 2395 1023 2450 μήτε
1070 2388 1324 2452 σχηματίζειν
1361 2393 1434 2439 τὴν
1472 2391 1559 2450 ὄψιν
1596 2400 1666 2434 τοῦ

175 2468 373 2517 Κλέωνος.
413 2468 523 2528 λέγει
554 2464 621 2510 οὖν
651 2469 713 2509 ὅτι
745 2461 911 2526 μηδενὸς
943 2467 1188 2516 ὑποστάντος
1225 2468 1346 2508 αὐτὸν
1377 2467 1667 2524 ὑποκρίνεσθαι,

176 2543 296 2605 αὐτὸς
334 2545 355 2582 ὁ
386 2541 656 2600 Ἀριστοφάνης
688 2542 889 2599 μιλτώσοις
922 2542 1063 2583 ἑαυτὸν
1095 2543 1352 2599 ὑπεκρίνατο,
1390 2540 1415 2587 ἦ
1446 2548 1496 2596 τῇ
1526 2542 1667 2599 τρυγίᾳ

176 2616 310 2673 χρίσας
340 2615 493 2657 ἑαυτόν.
555 2618 663 2668 Quod
695 2618 821 2667 addit,
865 2619 1160 2670 Aristophanem
1199 2620 1323 2669 ipsum
1356 2617 1511 2658 Cleonis
1546 2618 1668 2667 egisse

178 2703 394 2743 personam,
427 2705 501 2731 non
533 2692 627 2731 mihi
658 2692 808 2731 videtur
839 2693 1059 2732 verisimile.
1092 2716 1145 2721 —-

264 2765 412 2814 Quanta
435 2765 550 2804 fuerit
571 2767 779 2804 auctoritas
810 2771 845 2803 et
876 2766 997 2815 gratia
1021 2766 1175 2806 Cleonis
1197 2765 1296 2816 apud
1321 2764 1516 2815 populum,
1548 2764 1662 2802 etiam

1446 2833 1463 2861 2
