1989 3216
895 103 1167 145 „40—

298 227 444 280 βάνων·
494 227 648 284 ἐγένετο
688 227 762 283 γάρ
802 228 867 266 καὶ
905 227 1096 266 τοσοῦτόν
1134 239 1244 265 ποτε.
1289 253 1331 257 —
1376 228 1614 278 Quamquam
1660 229 1779 277 igitur

294 317 404 354 saepe
435 307 562 342 errant
600 302 853 350 Scholiastae,
893 315 979 340 cum
1018 302 1113 340 duos
1151 300 1209 340 vel
1239 302 1420 352 quattuor
1457 301 1515 339 vel
1545 315 1609 340 sex
1645 301 1778 340 obolos

293 378 402 416 datos
433 390 517 416 esse
549 360 759 423 affirment,
798 380 925 414 tamen
956 389 1000 413 ex
1031 376 1208 414 omnibus
1240 374 1316 413 illis
1347 374 1573 413 testimoniis
1603 379 1776 414 constare

292 452 453 498 videtur,
479 451 645 489 variasse
668 447 876 488 mercedem
899 449 1077 487 iudicum.
1123 449 1250 498 Atque
1267 447 1344 486 illis
1365 448 1518 499 quidem
1539 449 1774 499 temporibus

292 525 501 563 mercedem
540 523 705 562 iudicum
744 523 860 562 fuisse
890 522 1115 571 triobolum,
1158 535 1261 560 cum'v
1280 534 1391 572 saepe
1430 522 1615 561 adnotant
1644 521 1775 561 Gram-

291 599 432 646 matici,
464 601 506 636 ut
535 597 668 636 Pollux
698 596 793 645 VIH,
828 597 892 644 20,
924 595 1087 647 Hesych.
1120 609 1149 633 s.
1177 608 1212 634 v.
1245 586 1485 644 δικαστικόν,
1517 594 1716 634 Suidass.
1740 608 1776 632 v.

288 669 474 714 ἡλιασταί
495 674 532 710 et
553 667 761 723 βακτηρία,
785 667 890 708 Suid.
910 673 947 708 et
965 669 1075 708 Phot.
1094 682 1123 708 s.
1142 681 1176 707 v.
1201 666 1411 722 σύμβολον,
1435 668 1559 708 Schol.
1578 669 1776 708 Demosth.

289 746 389 797 apud
421 745 560 784 Reiske
591 744 634 792 ΙΙ,
673 746 766 792 133;
808 749 887 781 tum
920 742 1144 794 saepissime
1174 743 1278 794 apud
1309 741 1606 794 Aristophanem
1633 743 1776 781 inveni-

288 825 360 868 tur,
393 819 436 858 cf.
469 819 564 870 Equ.
591 820 656 867 51,
691 820 790 857 255:
833 810 863 854 ὦ
886 815 1075 871 ’γέροντες
1104 813 1303 864 ἡλιασταί,
1341 814 1527 871 φράτερες
1557 813 1775 871 τριωβόλου

288 893 385 939 ms„
417 893 482 931 ubi
504 892 621 932 Cleon
651 905 734 930 eam
767 891 1019 942 spectantium
1051 894 1197 941 partem
1229 890 1302 929 sibi
1332 891 1471 930 auxilio
1504 895 1628 939 vocat,
1660 903 1774 942 quam

287 967 460 1006 mercede
481 965 546 1005 illa
562 966 729 1005 iudicum
751 965 797 1004 ad
817 964 1023 1004 triobolum
1044 967 1155 1003 aucta
1172 963 1244 1003 sibi
1261 964 1539 1013 conciliaverat,
1562 965 1657 1016 Equ.
1680 967 1774 1012 800,

285 1041 442 1092 Lysistr.
468 1041 546 1079 624
577 1052 633 1090 sq.
664 1043 734 1078 cet.
745 1055 754 1087 ;
796 1042 908 1089 atque
939 1037 1193 1089 computando
1224 1038 1337 1077 etiam
1369 1037 1622 1077 demonstrari
1653 1042 1776 1090 potest

286 1129 331 1154 ex
362 1115 474 1165 Vesp.
500 1115 574 1152 661
611 1125 714 1164 sqq.:

371 1185 448 1226 ἀπὸ
479 1183 624 1224 τούτου
655 1199 720 1223 νυν
752 1183 928 1230 κατάθες
959 1181 1100 1240 μισθὸν
1131 1189 1231 1223 τοῖσι
1263 1177 1467 1231 δικασταῖς
1498 1183 1679 1224 ἐνιαυτοῦ

374 1254 415 1306 ἒξ
445 1257 625 1315 χιλιάσιν,
658 1257 795 1298 κοῦπω
826 1257 986 1304 πλείους
1018 1257 1056 1296 ἐν
1086 1263 1138 1310 τῇ
1168 1257 1278 1314 χώρα
1308 1256 1566 1308 κατένασθεν,

368 1334 546 1391 γίγνεται
577 1335 670 1389 ’ἡμῖν
701 1330 845 1372 ἑκατὸν
878 1323 1006 1376 δήπου
1038 1331 1104 1371 καὶ
1134 1332 1383 1375 πεντήκοντα
1412 1329 1607 1372 τάλαντα.

285 1411 359 1449 Sex
399 1408 506 1448 milia
545 1405 662 1458 igitur
705 1407 889 1447 iudicum'
921 1411 1072 1446 centum
1112 1411 1150 1446 et
1194 1406 1472 1458 quinquaginta
1517 1405 1663 1446 talenta
1707 1420 1775 1458 per

283 1497 425 1523 annum
462 1486 688 1533 acceperunt
718 1481 778 1520 vel
810 1482 1004 1520 5400000
1035 1481 1185 1529 obolos,
1226 1481 1489 1532 unusquisque
1529 1481 1609 1520 900
1641 1480 1774 1520 obolos

283 1571 350 1608 per
380 1571 541 1605 annum,
580 1556 785 1595 triobolum
817 1568 884 1606 per
915 1555 1036 1603 diem,
1075 1567 1160 1594 cum
1192 1554 1325 1593 leviter
1356 1554 1655 1605 computandum
1687 1567 1773 1594 esse

282 1633 320 1670 in
359 1631 498 1670 talibus
537 1631 651 1670 rebus
691 1635 889 1681 appareat.
951 1628 1091 1668 Confer
1128 1629 1243 1667 etiam
1273 1629 1385 1680 Vesp.
1424 1630 1545 1668 1121:
1591 1627 1695 1675 ὅστις
1726 1624 1772 1667 ἂν

283 1703 337 1760 μή
361 1702 420 1759 ’χῃ
452 1701 498 1742 τὸ
531 1701 702 1757 κέντρον,
737 1701 790 1758 μὴ
823 1701 949 1758 φέρειν
981 1699 1212 1755 τριώβολον,
1243 1702 1291 1741 de
1320 1702 1483 1742 triobolo
1513 1703 1724 1743 heliastico.

373 1777 587 1817 Secundum
635 1782 900 1828 argumentum
947 1777 1054 1815 affert
1098 1775 1231 1816 Bfickh
1273 1776 1397 1816 locum
1444 1777 1552 1817 illum
1592 1778 1772 1830 Equitum

283 1855 356 1903 (νν.
393 1854 470 1891 798
503 1850 617 1903 sqq.)‚
657 1852 704 1890 de
743 1864 817 1903 quo
855 1864 970 1902 supra
1008 1851 1185 1889 diximus.
1253 1852 1398 1902 Aperte
1435 1853 1507 1891 hoc
1542 1852 1638 1902 loco,
1676 1853 1774 1893 sicut

282 1927 505 1977 saepissime
535 1927 574 1964 in
595 1925 810 1977 Equitibus‚
843 1926 959 1965 Cleon
982 1924 1135 1964 trioboli
1165 1930 1367 1975 patronum
1398 1926 1487 1977 agit.
1539 1927 1666 1979 Atque
1687 1940 1770 1966 cum

281 2014 348 2051 per
379 2000 531 2039 oracula
560 2001 796 2051 praedictum
829 2013 912 2039 esse
942 2000 1073 2049 fingat,
1111 2000 1323 2038 mercedem
1354 2000 1559 2052 aliquando
1589 2001 1770 2041 maiorem

279 2075 370 2123 fore,
402 2074 514 2113 facile
544 2074 775 2113 credendum
806 2082 878 2124 est,
914 2074 1100 2113 minorem
1131 2087 1214 2113 eam
1245 2074 1335 2113 olim
1361 2076 1490 2114 fuisse.
1519 2098 1564 2104 ——
1592 2075 1772 2128 Sequitur

279 2149 433 2188 tertium
464 2150 833 2198 argumentumle
865 2149 990 2187 verbis
1021 2149 1258 2188 Scholiastae
1288 2150 1335 2188 ad
1369 2149 1467 2189 Plut.
1503 2163 1534 2189 v.
1570 2153 1648 2189 330
1680 2151 1771 2190 hau-

280 2228 392 2262 stum.
445 2223 546 2262 Haeo
567 2224 701 2262 habet:
728 2255 735 2261 .
761 2254 768 2261 .
795 2255 802 2262 .
826 2222 864 2262 ἐν
896 2228 946 2273 τῆ
979 2221 1171 2274 ἐκκλησία
1202 2214 1247 2262 δὲ
1278 2214 1403 2269 οὐδεὶς
1433 2214 1628 2273 ἐδίκαζεν,
1661 2225 1693 2263 εἰ
1715 2224 1770 2279 μὴ

279 2294 461 2348 ἐπέβαινε
505 2301 585 2334 τῶν
631 2289 664 2343 ξ’
692 2297 881 2335 ἐνιαυτῶν
915 2328 921 2335 .
951 2327 990 2336 ..
1024 2294 1189 2342 τούτους
1235 2290 1301 2335 οὖν
1345 2296 1436 2345 τοὺς
1482 2296 1771 2344 ἐκκλησιαστάς

280 2369 467 2414 ἐποίησαν
499 2368 663 2424 φανερόν
692 2384 729 2408 τι
759 2369 976 2422 λαμβάνειν
1000 2369 1076 2409 ἀπὸ
1108 2375 1188 2409 τῶν
1217 2376 1288 2417 τῆς
1318 2369 1471 2418 πόλεως
1501 2364 1704 2427 προσόδων
1735 2373 1770 2411 οἱ

280 2436 516 2501 δημαγωγοὶ
557 2443 763 2490 πείσαντες
801 2443 873 2488 τὴν
913 2443 1047 2483 πόλιν·
1088 2443 1248 2500 ὕστερον
1291 2436 1335 2484 δὲ
1365 2446 1385 2484 ὁ
1417 2442 1559 2484 Κλέων
1589 2445 1768 2490 ἐποίησεν

279 2516 376 2557 αὐτὸ
397 2516 625 2574 τριώβολον.
673 2519 1027 2570 Dilucideapparet
1056 2521 1237 2559 confundi
1269 2534 1291 2559 a
1313 2519 1526 2560 Scholiasta
1557 2521 1766 2560 mercedem

277 2594 467 2632 contionis
512 2597 550 2632 et
593 2593 734 2633 iudicii.
803 2594 899 2633 Nam
938 2594 1104 2633 dubitari
1150 2607 1226 2633 non
1271 2598 1407 2645 potest,
1455 2595 1560 2647 quin,
1606 2596 1767 2646 utipse

277 2668 558 2718 Aristophanes
580 2667 651 2707 hoc
672 2668 767 2717 loco,
799 2668 915 2707 etiam
937 2667 1152 2707 Scholiasta
1182 2668 1228 2707 de
1258 2668 1432 2708 mercede
1452 2669 1620 2707 iudicum
1643 2668 1767 2708 dicere
