1989 3216
902 99 1181 142 „38-

301 219 360 272 (cf.
389 221 486 261 Plut.
513 221 617 273 171).
671 223 777 272 Quae
807 225 968 274 pecunia
998 237 1074 263 non
1104 229 1186 264 erat
1215 224 1404 277 parva⁵³)‚
1436 240 1524 267 nam
1553 228 1678 267 tribus
1707 227 1784 267 illis

299 295 420 333 obolis
450 297 635 335 sextarius
664 298 779 337 tritici
813 296 958 350 (πυρῶν
980 295 1114 344 ἑκτεΰς
1137 298 1250 338 Ekkl.
1274 299 1370 348 547)
1402 302 1477 339 emi
1505 302 1640 352 potuit,
1671 305 1710 340 et
1738 314 1784 340 ex

299 367 412 419 Vesp.
441 371 545 408 1127
569 383 624 421 sq.
647 376 815 421 apparet,
846 376 922 410 tres
944 371 1076 411 obolos
1102 371 1284 412 fullonem
1306 373 1534 424 postulasse,
1565 377 1608 413 111
1627 374 1782 425 pallium

299 442 464 493 piscibus
503 444 611 482 frixis
650 444 887 494 inquinatum
926 451 1117 496 purgaret.
1191 447 1263 485 Per
1302 446 1530 497 Agyrrhinm
1571 448 1781 488 mercedem

297 516 399 555 illam
431 517 651 556 contionum
682 522 832 557 auctam
864 531 948 557 esse
977 520 1092 558 etiam
1123 522 1281 571 apparet
1309 532 1354 557 ex
1379 518 1491 559 Ekkl.
1516 521 1662 568 96101.
1685 521 1783 561 Plut.

304 589 419 638 176),
457 590 524 629 ubi
555 589 771 630 Scholiasta
806 592 901 630 11300
930 592 1065 631 habet:
1113 587 1161 630 'O
1192 588 1379 647 Ἀγύρριος
1409 590 1631 649 στρατηγὸς
1662 591 1764 638 θηλυ

300 653 477 717 ὃριώδτς,
510 655 626 718 ἄρξας
658 662 696 701 ἐν
727 661 897 715 Λέσβῳ.
936 663 1002 702 καὶ
1031 662 1100 702 τὸν
1132 663 1272 719 μισθὸν
1305 656 1349 703 δὲ
1377 670 1459 704 τῶν
1488 666 1666 705 πολιτῶν
1697 681 1784 706 συν-

299 733 435 790 έτεμε,
481 735 549 774 καὶ
588 741 742 791 πρῶτος
785 735 1112 780 ἐκκλησιαστικὸν
1151 731 1338 777 δέδωκεν.
1413 739 1516 779 Idem
1562 740 1679 790 igitur
1720 740 1786 780 ille

300 810 513 861 Agyrrhius
544 811 754 849 mercedem
786 816 984 862 poetarum
1014 813 1247 851 comicorum
1280 812 1461 852 minuisse
1491 813 1643 860 dicitur,
1681 814 1783 865 quod

297 887 458 922 testatur
488 882 612 923 Schol.
635 885 684 923 ad
715 885 811 924 Ran.
837 887 931 934 367,
962 886 1026 937 qui
1056 886 1151 925 haec
1180 885 1314 926 habet:
1364 890 1485 925 τοῦτο
1516 887 1568 933 εἰς
1599 883 1783 942 Ἀρχῖνον.

297 954 452 1012 μήποτε
484 948 528 995 δὲ
558 956 624 995 καὶ
655 959 706 1003 εἰς
735 956 950 1014 Ἀγύρριον.
998 955 1196 1013 μέμνηται
1235 949 1279 997 δὲ
1316 957 1469 998 τούτων
1504 959 1571 998 >aad
1609 956 1786 999 Πλάτων

298 1030 337 1068 ἐν
368 1026 533 1076 Σκευαῖς
564 1029 631 1068 καὶ
653 1027 875 1085 Σαννυρίων
905 1032 945 1070 ἐν
969 1027 1127 1082 Δανάῃ.
1161 1025 1270 1070 οὗτοι
1299 1030 1376 1089 γάρ
1406 1031 1686 1089 προϊστάμενοι
1714 1037 1786 1079 τῆς

299 1094 489 1158 δημοσίας
525 1098 720 1159 τραπέζης
757 1103 826 1143 τὸν
865 1103 1004 1160 μισθόν
1041 1110 1120 1144 τῶν
1162 1097 1371 1160 κωμῳδῶν
1410 1105 1605 1163 ἐμείωσαν
1642 1120 1787 1163 κωμῳ-

298 1167 555 1228 ὃ·ηἷ1έντες.54)
624 1177 698 1218 Sed
738 1180 831 1219 satis
869 1180 944 1218 iam
983 1181 1125 1221 dictum
1167 1184 1226 1220 est
1264 1181 1312 1219 de
1349 1182 1551 1233 Agyrrhio.
1612 1180 1786 1230 Constat,

300 1253 510 1291 mercedem
543 1254 730 1293 contionis
753 1254 801 1292 ab
832 1253 896 1293 illo
926 1255 972 1294 ad
1003 1259 1081 1294 tres
1102 1255 1236 1295 obolos
1267 1258 1419 1293 auctam
1450 1268 1548 1306 esse,
1580 1259 1681 1295 certe
1702 1256 1786 1295 vivo

298 1327 422 1365 adhuc
442 1326 583 1366 Cleone
614 1332 652 1366 et
681 1328 809 1367 nescio
840 1340 887 1366 an
921 1329 1003 1367 eius
1033 1342 1237 1376 consensu,
1271 1341 1434 1379 namque
1464 1329 1541 1368 iam
1571 1342 1672 1369 anno
1704 1330 1783 1368 422

296 1400 499 1440 triobolum
531 1401 660 1440 datum
691 1414 800 1451 esse,
833 1415 877 1441 ex
910 1403 1021 1454 Vesp.
1046 1406 1126 1443 690
1157 1407 1326 1454 apparet.
1359 1425 1410 1430 -—
1444 1402 1590 1452 Quodsi
1619 1403 1786 1442 iudicum

297 1488 447 1526 quoque
480 1476 691 1514 mercedem
716 1476 887 1515 variasse
916 1473 1388 1525 dicuntGrammaticiffi),
1421 1478 1628 1528 quaeritur,
1659 1482 1786 1517 utrum

296 1550 368 1587 hoc
398 1562 466 1600 pro
495 1562 583 1588 vero
614 1551 832 1590 habendum
863 1551 924 1599 sit,
956 1563 1004 1589 an
1027 1550 1275 1591 Grammatici
1305 1550 1360 1589 illi
1389 1550 1461 1589 hac
1481 1563 1641 1602 quoque·
1662 1552 1701 1590 in
1732 1565 1785 1600 re,

297 1627 339 1660 ut
369 1622 469 1661 soliti
501 1623 595 1670 sint,
629 1624 816 1662 contionis
847 1628 884 1662 et
911 1625 1043 1664 iudicii
1074 1625 1285 1663 mercedem
1310 1624 1596 1664 commiscuisse
1627 1625 1786 1676 putandi

296 1696 383 1734 sint.
441 1696 603 1736 Diverso
633 1697 746 1736 modo
779 1697 825 1736 de
855 1698 926 1737 hac
957 1711 998 1738 re
1029 1699 1201 1737 sentiunt
1229 1697 1362 1737 Bockh
1394 1702 1432 1737 et
1461 1698 1669 1748 Hermann,
1700 1711 1785 1737 cum

295 1769 358 1808 ille
391 1770 599 1809 mercedem
622 1772 791 1811 iudicum
822 1772 928 1810 initio
950 1784 1068 1810 unum
1099 1771 1253 1811 obolum
1274 1772 1404 1821 fuisse,
1436 1776 1516 1811 tum
1547 1785 1580 1813 0.
1603 1772 1663 1812 01.
1688 1775 1739 1812 88
1765 1785 1787 1812 a

297 1843 435 1883 Cleone
467 1844 513 1883 ad
545 1848 622 1884 tres
653 1845 784 1885 obolos
814 1851 964 1884 auctam
987 1859 1069 1885 esse
1099 1846 1318 1895 contendat,
1349 1846 1411 1885 hic
1435 1846 1649 1886 mercedem
1679 1846 1782 1886 illam

296 1931 444 1968 semper
481 1919 598 1958 fuisse
635 1919 839 1958 triobolum
878 1919 1018 1958 credat.
1079 1921 1210 1960 Bockh
1251 1921 1344 1959 haec
1379 1923 1559 1972 quattuor
1588 1921 1697 1959 affert
1725 1933 1785 1959 ar-

295 1996 484 2040 gumenta.
546 1993 713 2032 Primum
755 1994 923 2032 variasse
969 1994 1181 2033 mercedem
1226 1994 1394 2033 iudicum
1440 1994 1523 2045 ipse
1561 1993 1787 2033 Aristoteles

296 2070 427 2104 auctor
458 2071 516 2105 est
553 2067 652 2118 apud
685 2067 809 2106 Schol.
843 2067 889 2106 ad
922 2067 1035 2118 Vesp.
1068 2068 1145 2106 682
1181 2065 1245 2117 (cf.
1279 2064 1431 2119 supra).
1500 2063 1643 2106 Confer
1671 2067 1785 2106 etiam

296 2138 421 2179 Schol.
451 2141 498 2179 ad
527 2140 623 2192 Equ.
656 2143 727 2180 51:
776 2142 826 2187 ὡς
864 2137 1058 2179 τοσούτου
1099 2138 1210 2187 ὄντος
1247 2144 1319 2180 τοῦ
1358 2132 1587 2180 &mm-2203
1623 2144 1689 2178 νῦν
1719 2139 1787 2180 καὶ

362 2274 406 2317 5³)
432 2279 470 2308 cf.
489 2279 581 2317 Vesp.
601 2280 663 2308 :300
690 2289 746 2318 sq..
774 2279 823 2308 ubi
848 2279 943 2308 tribus
968 2279 1027 2308 illis
1053 2279 1148 2308 obolis
1175 2279 1320 2309 mercedis
1344 2279 1477 2309 iudicum
1494 2279 1591 2317 panis,
1617 2278 1785 2318 opsonium,

295 2336 405 2373 lignum
432 2339 585 2371 emuntur,
612 2336 648 2366 cf,
674 2336 791 2366 SchoLz
831 2329 874 2369 ὡς
900 2330 1082 2375 τριωβόλου
1109 2327 1200 2369 ὄντος
1225 2333 1282 2364 τοῦ
1309 2329 1446 2377 μισθοῦ,
1477 2329 1530 2375 ἀφ’
1555 2326 1593 2363 οὗ
1619 2329 1655 2364 τὸ
1680 2331 1786 2375 τρίτον

297 2385 500 2421 ἀναλίσκεται
530 2386 570 2426 εἰς
603 2386 738 2433 ἄλφιτα,
771 2388 934 2421 τουτέστιν
960 2384 1000 2426 εἷς
1032 2385 1171 2431 ὀβολός,
1203 2387 1255 2420 καὶ
1279 2388 1316 2421 τὸ
1343 2385 1427 2421 ἄλλο
1453 2387 1550 2432 ξύλα,
1580 2387 1634 2420 καὶ
1657 2386 1694 2420 τὶ)
1720 2389 1786 2432 τρί-

296 2456 349 2477 τον
375 2441 464 2490 ὄψον.

363 2503 406 2544 54)
433 2507 470 2538 cf.
489 2507 578 2536 Mein.
603 2507 639 2536 fr.
661 2508 689 2541 2,
717 2508 746 2538 2.
772 2517 820 2546 pg.
842 2507 916 2542 661,
943 2510 970 2536 et
995 2507 1086 2536 alium
1110 2507 1209 2536 locum
1233 2507 1374 2543 Platonis,
1401 2507 1453 2538 nbi
1476 2507 1656 2547 Agyrrhium
1680 2507 1785 2538 acerbe

294 2566 388 2599 notat,
413 2573 462 2603 pg.
485 2564 560 2594 681.

363 2616 408 2653 551
435 2620 472 2650 cf.
492 2620 594 2651 Schol.
613 2620 650 2650 ad
667 2621 757 2659 Vesp.
777 2621 857 2650 582:
884 2619 981 2649 τοῦτο
1000 2616 1034 2649 δὲ
1054 2614 1171 2649 ἄλλοτε
1192 2614 1300 2655 ἄλλως
1321 2615 1459 2661 ἐδίδοτο,
1485 2618 1550 2649 τῶν
1575 2616 1786 2661 δημαγωγῶν

296 2669 334 2705 t&
360 2670 470 2715 πλήθη
497 2671 753 2717 κολακευόντων,
779 2671 823 2711 ὥς
851 2685 944 2716 φησιν
969 2671 1198 2718 Ἀριστοτέλης
1224 2671 1254 2706 ἓν
1281 2673 1470 2713 Πολιτείαις.
